1998 3076
738 688 775 727 P.
817 688 1059 731 VIRGILII
1094 690 1356 737 MARONIS

515 804 577 866 A
728 806 781 866 E
929 809 985 869 N
1137 807 1189 868 E
1339 810 1371 872 Ι
1520 811 1585 873 S.

843 952 986 988 LIBER
1017 953 1255 990 OCTAVUS.

781 1207 1326 1274 ARGUMENTUM.⁴

404 1384 587 1460 „Turnus
606 1423 677 1454 belli
696 1424 785 1462 signo·
800 1432 837 1456 ex
848 1424 984 1456 Laurenti
998 1432 1066 1456 aree
1081 1425 1241 1462 proposito,
1250 1424 1324 1455 Latii
1341 1427 1429 1456 totius
1448 1425 1685 1467 finitimarumque

404 1463 520 1494 urbium
546 1461 603 1492 sibi
624 1461 732 1491 auxilia
759 1461 902 1499 adiungit,
931 1465 960 1494 et
979 1463 1106 1493 Venulus
1133 1464 1226 1500 Argos
1247 1463 1284 1493 ad
1302 1463 1475 1494 Diomedem
1497 1466 1637 1504 mittitur,
1660 1467 1686 1498 ut

405 1508 474 1532 eum
491 1500 616 1539 periculi
644 1500 817 1536 contagione
845 1503 874 1531 et
892 1503 970 1531 metu
990 1500 1026 1531 ad
1047 1500 1117 1531 belli
1135 1501 1307 1531 societatem
1329 1500 1460 1539 impellat
1483 1501 1526 1539 (v.
1553 1504 1684 1542 1-1m.

407 1538 518 1574 Quibus
542 1538 630 1568 rebus
658 1540 807 1575 permotus
835 1538 967 1575 Aeneam,
998 1539 1206 1576 copiarumque
1232 1546 1347 1569 suarum
1375 1540 1515 1576 paucitati
1547 1540 1685 1580 diffidens,

405 1575 533 1606 Tiberini
556 1575 663 1605 monitu
691 1575 813 1606 adverso
840 1575 957 1606 flumine
986 1576 1015 1605 iu
1046 1583 1084 1606 ea
1103 1576 1168 1606 loca
1188 1575 1372 1613 subvehitur,
1401 1576 1429 1606 in
1459 1578 1568 1615 quibus
1592 1583 1686 1618 postea

404 1613 497 1644 Roma
516 1613 631 1643 condita
651 1615 704 1651 est,
725 1613 909 1650 Evandrique
926 1615 1014 1651 regis,
1038 1614 1087 1652 qui
1128 1621 1165 1644 ex
1184 1613 1312 1644 Arcadia
1329 1613 1486 1653 profugus,
1512 1616 1544 1646 in
1564 1616 1685 1648 Palatino

405 1653 503 1682 monte
522 1650 660 1689 oppidum
678 1651 795 1682 nomine
808 1651 985 1681 Pallanteum
1004 1636 1183 1687 condiderat,
1195 1652 1339 1695 ‚auxilium
1351 1652 1485 1690 implorat
1496 1652 1686 1696 (ίδ-ιοα).

404 1688 539 1720 Evander
566 1688 713 1727 Aeneam,
740 1689 880 1720 adventus
908 1690 973 1718 eius
998 1696 1087 1718 causa
1118 1691 1250 1726 cognita,
1282 1689 1409 1727 benigne
1435 1690 1565 1728 hospitio
1586 1693 1687 1731 exeipit

405 1726 613 1763 (tet-1830,
635 1728 786 1764 sacrisque
804 1725 952 1763 Herculis,
980 1726 1086 1764 quibus
1107 1729 1165 1756 tum
1184 1726 1310 1757 intentus
1331 1730 1407 1764 erat,
1435 1727 1600 1761 adhibitum
1620 1737 1686 1761 cau-
1732 1744 1734 1755 ι

404 1772 467 1795 sam
494 1771 593 1795 eorum
621 1771 638 1793 a
662 1762 733 1793 Caci
761 1771 835 1794 nece
857 1764 1015 1801 repetitam
1034 1763 1240 1801 (184-267.)
1267 1767 1296 1796 et
1324 1765 1396 1795 ritus
1415 1764 1555 1797 sacrificii
1579 1767 1687 1804 edocet,
1732 1772 1734 1788 ³

403 1802 528 1839 locaque
552 1802 616 1832 eius
637 1804 744 1831 tractus
763 1801 907 1831 nobiliora
923 1800 1018 1832 obiter
1027 1801 1134 1838 hospiti
1145 1805 1282 1833 recenset
1292 1801 1509 1840 mee-369⁴).
1549 1804 1687 1842 Postridie

404 1839 539 1876 Aeneas,
571 1839 701 1877 equitum
721 1838 992 1876 quadringentorum
1019 1838 1150 1869 subsidio
1172 1839 1302 1877 adiutus,
1331 1840 1437 1884 quibus
1458 1840 1570 1879 Pallas,
1591 1842 1687 1874 unium

403 1876 529 1921 Evandri
552 1876 638 1920 filius,
658 1879 806 1919 praeerat,
826 1878 937 1914 partem
957 1877 1104 1920 copiarum
1124 1877 1253 1921 secundo
1275 1877 1391 1908 flumine
1412 1877 1449 1908 ad
1468 1887 1540 1923 suos
1557 1881 1687 1924 remittit}

404 1922 470 1952 ¹⁹⁵³
488 1914 702 1982 ffimzeissssqssi
721 1913 1687 1991 affinitati-nnat„maiixiii&'‘antigii-³:22⁹031¹:

404 1960 859 2025 ffissroedebant’fflfl-fflo),
914 1988 1029 2020 Interim
1058 1975 1218 2027 Vulcanus?
1246 1991 1344 2021 uxoris
1363 1976 1512 2022 blanditiis
1539 1992 1698 2030 adductum·

404 2028 536 2065 privigno
556 2034 610 2057 suo
630 2034 709 2057 arina
728 2026 883 2057 fabricatur
901 2026 1121 2064 (aro—4530,
1149 2026 1312 2065 eademque
1333 2036 1351 2058 a
1369 2027 1484 2060 Venere
1504 2029 1542 2060 ad
1565 2031 1686 2063 Aeneam
1724 2032 1734 2053 ·:

405 2065 586 2096 deseruntur:
608 2065 657 2102 qui
678 2072 820 2095 armorum
840 2063 1055 2102 pulchritudine
1075 2064 1256 2103 delectatus,
1276 2073 1364 2104 quum
1387 2069 1486 2097 cetera
1505 2069 1615 2107 omnia,
1633 2071 1687 2099 tun

405 2103 531 2140 clipeum
551 2103 707 2140 imprimis,
735 2102 784 2139 qui
804 2109 852 2133 res
872 2109 889 2132 a
908 2103 1078 2139 posteritate
1100 2111 1154 2133 sua
1181 2106 1299 2135 strenue
1321 2104 1466 2142 gerendas
1485 2104 1616 2138 babebat
1634 2106 1685 2138 de-

403 2142 507 2179 pictas,
527 2139 663 2186 studiose
681 2139 837 2170 admiratur
854 2138 1078 2178 (520—731.)“
1116 2139 1150 2169 H.
