<?xml version="1.0" encoding="UTF-8"?>
<!DOCTYPE html PUBLIC "-//W3C//DTD XHTML 1.0 Transitional//EN"
    "http://www.w3.org/TR/xhtml1/DTD/xhtml1-transitional.dtd">
<html xmlns="http://www.w3.org/1999/xhtml" xml:lang="en" lang="en">
 <head>
  <title>
</title>
<meta http-equiv="Content-Type" content="text/html;charset=utf-8" />
  <meta name='ocr-system' content='tesseract 3.04.00' />
  <meta name='ocr-capabilities' content='ocr_page ocr_carea ocr_par ocr_line ocrx_word'/>
</head>
<body>
  <div class='ocr_page' id='page_1' title='image "./pvergiliimaroni00forbgoog/pvergiliimaroni00forbgoog_0172.png"; bbox 0 0 1998 3076; ppageno 0'>
   <div class='ocr_carea' id='block_1_1' title="bbox 389 296 1226 334">
    <p class='ocr_par' dir='ltr' id='par_1_1' title="bbox 389 296 1226 334">
     <span class='ocr_line' id='line_1_1' title="bbox 389 296 1226 334; baseline 0 0"><span class='ocrx_word' id='word_1_1' title='bbox 389 296 460 334; x_wconf 63' lang='lat'><strong>104</strong></span> <span class='ocrx_word' id='word_1_2' title='bbox 807 300 840 334; x_wconf 80' lang='lat' dir='ltr'><strong>P.</strong></span> <span class='ocrx_word' id='word_1_3' title='bbox 865 298 1025 334; x_wconf 81' lang='lat' dir='ltr'><strong>vaILli</strong></span> <span class='ocrx_word' id='word_1_4' title='bbox 1048 298 1226 334; x_wconf 82' lang='lat' dir='ltr'><strong>MARONIS</strong></span> 
     </span>
    </p>
   </div>
   <div class='ocr_carea' id='block_1_2' title="bbox 387 390 1682 664">
    <p class='ocr_par' dir='ltr' id='par_1_2' title="bbox 387 390 1311 434">
     <span class='ocr_line' id='line_1_2' title="bbox 387 390 1311 434; baseline -0.001 -8"><span class='ocrx_word' id='word_1_5' title='bbox 387 391 485 426; x_wconf 74' lang='lat' dir='ltr'><strong>Laeta</strong></span> <span class='ocrx_word' id='word_1_6' title='bbox 506 391 646 431; x_wconf 80' lang='lat' dir='ltr'><strong>vomunt,</strong></span> <span class='ocrx_word' id='word_1_7' title='bbox 670 390 872 434; x_wconf 81' lang='lat' dir='ltr'><strong>patriumque</strong></span> <span class='ocrx_word' id='word_1_8' title='bbox 897 392 1039 433; x_wconf 81' lang='lat' dir='ltr'><strong>aperitur</strong></span> <span class='ocrx_word' id='word_1_9' title='bbox 1063 393 1188 426; x_wconf 77' lang='lat' dir='ltr'><strong>vertice</strong></span> <span class='ocrx_word' id='word_1_10' title='bbox 1210 390 1311 426; x_wconf 81' lang='lat' dir='ltr'><strong>sidus.</strong></span> 
     </span>
    </p>

    <p class='ocr_par' dir='ltr' id='par_1_3' title="bbox 388 435 1164 480">
     <span class='ocr_line' id='line_1_3' title="bbox 388 435 1164 480; baseline -0.001 -9"><span class='ocrx_word' id='word_1_11' title='bbox 388 438 481 471; x_wconf 83' lang='lat' dir='ltr'><strong>Parte</strong></span> <span class='ocrx_word' id='word_1_12' title='bbox 505 437 567 470; x_wconf 86' lang='lat' dir='ltr'><strong>alia</strong></span> <span class='ocrx_word' id='word_1_13' title='bbox 591 437 697 469; x_wconf 85' lang='lat' dir='ltr'><strong>ventis</strong></span> <span class='ocrx_word' id='word_1_14' title='bbox 721 438 753 469; x_wconf 87' lang='lat' dir='ltr'><strong>et</strong></span> <span class='ocrx_word' id='word_1_15' title='bbox 777 435 827 470; x_wconf 79' lang='lat' dir='ltr'><strong>dis</strong></span> <span class='ocrx_word' id='word_1_16' title='bbox 848 437 990 480; x_wconf 82' lang='lat' dir='ltr'><strong>Agrippa</strong></span> <span class='ocrx_word' id='word_1_17' title='bbox 1014 437 1164 470; x_wconf 84' lang='lat' dir='ltr'><strong>secundis</strong></span> 
     </span>
    </p>

    <p class='ocr_par' dir='ltr' id='par_1_4' title="bbox 389 483 1338 526">
     <span class='ocr_line' id='line_1_4' title="bbox 389 483 1338 526; baseline -0.002 -9"><span class='ocrx_word' id='word_1_18' title='bbox 389 483 513 517; x_wconf 82' lang='lat' dir='ltr'>Arduus</span> <span class='ocrx_word' id='word_1_19' title='bbox 537 492 649 524; x_wconf 82' lang='lat' dir='ltr'><strong>agmen</strong></span> <span class='ocrx_word' id='word_1_20' title='bbox 674 492 793 524; x_wconf 82' lang='lat' dir='ltr'><strong>agens:</strong></span> <span class='ocrx_word' id='word_1_21' title='bbox 819 484 882 524; x_wconf 83' lang='lat' dir='ltr'><strong>cui,</strong></span> <span class='ocrx_word' id='word_1_22' title='bbox 906 483 983 516; x_wconf 88' lang='lat' dir='ltr'><strong>belli</strong></span> <span class='ocrx_word' id='word_1_23' title='bbox 1008 486 1131 526; x_wconf 77' lang='lat' dir='ltr'>insigne</span> <span class='ocrx_word' id='word_1_24' title='bbox 1156 483 1338 526; x_wconf 82' lang='lat' dir='ltr'><strong>superbum,</strong></span> 
     </span>
    </p>

    <p class='ocr_par' dir='ltr' id='par_1_5' title="bbox 389 529 1128 572">
     <span class='ocr_line' id='line_1_5' title="bbox 389 529 1128 572; baseline 0 -10"><span class='ocrx_word' id='word_1_25' title='bbox 389 529 544 572; x_wconf 78' lang='lat' dir='ltr'><strong>Tempora</strong></span> <span class='ocrx_word' id='word_1_26' title='bbox 567 529 671 561; x_wconf 82' lang='lat' dir='ltr'><strong>navali</strong></span> <span class='ocrx_word' id='word_1_27' title='bbox 696 529 815 570; x_wconf 77' lang='lat' dir='ltr'><strong>fulgent</strong></span> <span class='ocrx_word' id='word_1_28' title='bbox 838 532 974 563; x_wconf 82' lang='lat' dir='ltr'><strong>rostrata</strong></span> <span class='ocrx_word' id='word_1_29' title='bbox 999 539 1128 563; x_wconf 80' lang='lat' dir='ltr'><strong>corona.</strong></span> 
     </span>
    </p>

    <p class='ocr_par' dir='ltr' id='par_1_6' title="bbox 389 570 1682 664">
     <span class='ocr_line' id='line_1_6' title="bbox 389 570 1682 618; baseline -0.002 -9"><span class='ocrx_word' id='word_1_30' title='bbox 389 575 471 609; x_wconf 78' lang='lat' dir='ltr'><strong>iuno</strong></span> <span class='ocrx_word' id='word_1_31' title='bbox 495 584 557 618; x_wconf 88' lang='lat' dir='ltr'><strong>ope</strong></span> <span class='ocrx_word' id='word_1_32' title='bbox 580 574 749 608; x_wconf 84' lang='lat' dir='ltr'><strong>barbarica</strong></span> <span class='ocrx_word' id='word_1_33' title='bbox 771 577 934 617; x_wconf 83' lang='lat' dir='ltr'><strong>variisque</strong></span> <span class='ocrx_word' id='word_1_34' title='bbox 958 577 1113 609; x_wconf 84' lang='lat' dir='ltr'><strong>Antonius</strong></span> <span class='ocrx_word' id='word_1_35' title='bbox 1137 578 1243 616; x_wconf 79' lang='lat' dir='ltr'><strong>armiS,</strong></span> <span class='ocrx_word' id='word_1_36' title='bbox 1617 570 1682 607; x_wconf 70' lang='lat'><strong>(585</strong></span> 
     </span>
     <span class='ocr_line' id='line_1_7' title="bbox 390 620 1187 664; baseline -0.001 -9"><span class='ocrx_word' id='word_1_37' title='bbox 390 621 501 655; x_wconf 83' lang='lat' dir='ltr'><strong>Victor</strong></span> <span class='ocrx_word' id='word_1_38' title='bbox 523 621 562 654; x_wconf 79' lang='lat' dir='ltr'><strong>ab</strong></span> <span class='ocrx_word' id='word_1_39' title='bbox 586 620 729 654; x_wconf 78' lang='lat' dir='ltr'><strong>Aurorae</strong></span> <span class='ocrx_word' id='word_1_40' title='bbox 753 621 879 664; x_wconf 87' lang='lat' dir='ltr'><strong>populis</strong></span> <span class='ocrx_word' id='word_1_41' title='bbox 905 624 937 655; x_wconf 85' lang='lat' dir='ltr'><strong>et</strong></span> <span class='ocrx_word' id='word_1_42' title='bbox 960 622 1055 655; x_wconf 80' lang='lat' dir='ltr'><strong>litore</strong></span> <span class='ocrx_word' id='word_1_43' title='bbox 1079 622 1187 663; x_wconf 88' lang='lat' dir='ltr'><strong>rubro,</strong></span> 
     </span>
    </p>
   </div>
   <div class='ocr_carea' id='block_1_3' title="bbox 515 709 620 715">
    <p class='ocr_par' dir='ltr' id='par_1_7' title="bbox 515 709 620 715">
     <span class='ocr_line' id='line_1_8' title="bbox 515 709 620 715; baseline 0 0"><span class='ocrx_word' id='word_1_44' title='bbox 515 709 620 715; x_wconf 95' lang='lat' dir='ltr'><strong> </strong></span> 
     </span>
    </p>
   </div>
   <div class='ocr_carea' id='block_1_4' title="bbox 372 774 1688 2605">
    <p class='ocr_par' dir='ltr' id='par_1_8' title="bbox 391 774 1688 1935">
     <span class='ocr_line' id='line_1_9' title="bbox 393 774 1685 817; baseline -0.002 -9"><span class='ocrx_word' id='word_1_45' title='bbox 393 780 524 817; x_wconf 78' lang='lat' dir='ltr'><strong>apertum</strong></span> <span class='ocrx_word' id='word_1_46' title='bbox 551 777 596 806; x_wconf 82' lang='lat' dir='ltr'><strong>est</strong></span> <span class='ocrx_word' id='word_1_47' title='bbox 622 774 716 812; x_wconf 89' lang='lat' dir='ltr'><strong>enim,</strong></span> <span class='ocrx_word' id='word_1_48' title='bbox 751 774 1004 811; x_wconf 77' lang='lat' dir='ltr'><strong>hancleclionem</strong></span> <span class='ocrx_word' id='word_1_49' title='bbox 1029 776 1066 805; x_wconf 85' lang='lat' dir='ltr'><strong>iis</strong></span> <span class='ocrx_word' id='word_1_50' title='bbox 1088 775 1189 806; x_wconf 84' lang='lat' dir='ltr'><strong>deberi</strong></span> <span class='ocrx_word' id='word_1_51' title='bbox 1232 775 1284 813; x_wconf 81' lang='lat' dir='ltr'><strong>qni</strong></span> <span class='ocrx_word' id='word_1_52' title='bbox 1302 774 1421 806; x_wconf 79' lang='lat' dir='ltr'><strong>verbum</strong></span> <span class='ocrx_word' id='word_1_53' title='bbox 1444 774 1553 805; x_wconf 86' lang='lat' dir='ltr'><strong>finitum</strong></span> <span class='ocrx_word' id='word_1_54' title='bbox 1575 778 1685 806; x_wconf 77' lang='lat' dir='ltr'><strong>temere</strong></span> 
     </span>
     <span class='ocr_line' id='line_1_10' title="bbox 393 797 1684 856; baseline -0.005 -9"><span class='ocrx_word' id='word_1_55' title='bbox 393 815 603 846; x_wconf 75' lang='lat' dir='ltr'><strong>desiderarent.</strong></span> <span class='ocrx_word' id='word_1_56' title='bbox 630 827 664 833; x_wconf 88' lang='lat'><em>—</em></span> <span class='ocrx_word' id='word_1_57' title='bbox 691 813 866 856; x_wconf 59' lang='lat' dir='ltr'><strong>geminas</strong></span> <span class='ocrx_word' id='word_1_58' title='bbox 893 814 957 843; x_wconf 84' lang='lat' dir='ltr'><strong>cui</strong></span> <span class='ocrx_word' id='word_1_59' title='bbox 984 815 1162 851; x_wconf 82' lang='lat' dir='ltr'><strong>tempora</strong></span> <span class='ocrx_word' id='word_1_60' title='bbox 1185 797 1369 851; x_wconf 71' lang='lat' dir='ltr'><strong>flammas</strong></span> <span class='ocrx_word' id='word_1_61' title='bbox 1394 816 1461 843; x_wconf 83' lang='lat' dir='ltr'><strong>cett.</strong></span> <span class='ocrx_word' id='word_1_62' title='bbox 1508 812 1684 850; x_wconf 88' lang='lat' dir='ltr'><strong>„Perperam</strong></span> 
     </span>
     <span class='ocr_line' id='line_1_11' title="bbox 392 849 1686 888; baseline -0.003 -4"><span class='ocrx_word' id='word_1_63' title='bbox 392 853 430 884; x_wconf 81' lang='lat' dir='ltr'><strong>ad</strong></span> <span class='ocrx_word' id='word_1_64' title='bbox 452 851 555 882; x_wconf 87' lang='lat' dir='ltr'><strong>oculos</strong></span> <span class='ocrx_word' id='word_1_65' title='bbox 577 850 699 887; x_wconf 85' lang='lat' dir='ltr'><strong>Augusti</strong></span> <span class='ocrx_word' id='word_1_66' title='bbox 721 849 865 887; x_wconf 78' lang='lat' dir='ltr'><strong>fulgentes</strong></span> <span class='ocrx_word' id='word_1_67' title='bbox 886 851 958 886; x_wconf 85' lang='lat' dir='ltr'><strong>(vid.</strong></span> <span class='ocrx_word' id='word_1_68' title='bbox 979 851 1100 881; x_wconf 91' lang='lat' dir='ltr'><strong>Sueton.</strong></span> <span class='ocrx_word' id='word_1_69' title='bbox 1121 859 1146 881; x_wconf 90' lang='lat' dir='ltr'><strong>c.</strong></span> <span class='ocrx_word' id='word_1_70' title='bbox 1167 851 1229 888; x_wconf 80' lang='lat'><strong>79.)</strong></span> <span class='ocrx_word' id='word_1_71' title='bbox 1249 850 1339 881; x_wconf 79' lang='lat' dir='ltr'><strong>relerl</strong></span> <span class='ocrx_word' id='word_1_72' title='bbox 1349 850 1432 880; x_wconf 86' lang='lat' dir='ltr'><strong>Serv.</strong></span> <span class='ocrx_word' id='word_1_73' title='bbox 1449 851 1550 880; x_wconf 85' lang='lat' dir='ltr'><strong>etalii.</strong></span> <span class='ocrx_word' id='word_1_74' title='bbox 1581 850 1686 880; x_wconf 78' lang='lat' dir='ltr'><strong>Habuit</strong></span> 
     </span>
     <span class='ocr_line' id='line_1_12' title="bbox 392 886 1685 929; baseline -0.003 -9"><span class='ocrx_word' id='word_1_75' title='bbox 392 890 481 929; x_wconf 71' lang='lat' dir='ltr'><strong>poeta</strong></span> <span class='ocrx_word' id='word_1_76' title='bbox 499 890 528 918; x_wconf 92' lang='lat' dir='ltr'><strong>in</strong></span> <span class='ocrx_word' id='word_1_77' title='bbox 548 888 642 917; x_wconf 89' lang='lat' dir='ltr'><strong>animo</strong></span> <span class='ocrx_word' id='word_1_78' title='bbox 663 887 815 918; x_wconf 88' lang='lat' dir='ltr'><strong>Diomedis</strong></span> <span class='ocrx_word' id='word_1_79' title='bbox 839 889 984 919; x_wconf 84' lang='lat' dir='ltr'><strong>cassidem</strong></span> <span class='ocrx_word' id='word_1_80' title='bbox 1006 888 1039 918; x_wconf 87' lang='lat'><strong>11.</strong></span> <span class='ocrx_word' id='word_1_81' title='bbox 1061 888 1092 926; x_wconf 91' lang='lat' dir='ltr'><strong>V,</strong></span> <span class='ocrx_word' id='word_1_82' title='bbox 1113 889 1132 918; x_wconf 83' lang='lat'>4</span> <span class='ocrx_word' id='word_1_83' title='bbox 1150 896 1195 926; x_wconf 89' lang='lat' dir='ltr'><strong>sq.</strong></span> <span class='ocrx_word' id='word_1_84' title='bbox 1228 889 1304 917; x_wconf 78' lang='grc' dir='ltr'><em>Δαῖέ</em></span> <span class='ocrx_word' id='word_1_85' title='bbox 1322 888 1351 916; x_wconf 74' lang='grc' dir='ltr'><strong>οἱ</strong></span> <span class='ocrx_word' id='word_1_86' title='bbox 1373 887 1406 916; x_wconf 72' lang='grc' dir='ltr'><strong>ἐκ</strong></span> <span class='ocrx_word' id='word_1_87' title='bbox 1427 886 1562 923; x_wconf 71' lang='grc' dir='ltr'><strong><em>κόρυθός</em></strong></span> <span class='ocrx_word' id='word_1_88' title='bbox 1581 898 1611 916; x_wconf 79' lang='grc' dir='ltr'><strong>τε</strong></span> <span class='ocrx_word' id='word_1_89' title='bbox 1634 889 1685 916; x_wconf 77' lang='grc' dir='ltr'><strong>καὶ</strong></span> 
     </span>
     <span class='ocr_line' id='line_1_13' title="bbox 391 924 1685 963; baseline -0.002 -6"><span class='ocrx_word' id='word_1_90' title='bbox 391 926 519 958; x_wconf 70' lang='grc' dir='ltr'><strong><em>ἀσπίδος</em></strong></span> <span class='ocrx_word' id='word_1_91' title='bbox 539 924 701 962; x_wconf 76' lang='grc' dir='ltr'><strong>ἀκάματον</strong></span> <span class='ocrx_word' id='word_1_92' title='bbox 721 925 779 963; x_wconf 79' lang='grc' dir='ltr'><strong>πῦρ</strong></span> <span class='ocrx_word' id='word_1_93' title='bbox 802 928 881 963; x_wconf 62' lang='lat' dir='ltr'><strong>cett„</strong></span> <span class='ocrx_word' id='word_1_94' title='bbox 906 929 935 956; x_wconf 80' lang='lat' dir='ltr'><strong>et</strong></span> <span class='ocrx_word' id='word_1_95' title='bbox 953 928 982 955; x_wconf 93' lang='lat' dir='ltr'><strong>in</strong></span> <span class='ocrx_word' id='word_1_96' title='bbox 996 926 1163 955; x_wconf 81' lang='lat' dir='ltr'><strong>miraculum</strong></span> <span class='ocrx_word' id='word_1_97' title='bbox 1186 933 1343 955; x_wconf 86' lang='lat' dir='ltr'><strong>conversus</strong></span> <span class='ocrx_word' id='word_1_98' title='bbox 1366 929 1411 956; x_wconf 86' lang='lat' dir='ltr'><strong>est</strong></span> <span class='ocrx_word' id='word_1_99' title='bbox 1431 926 1536 961; x_wconf 80' lang='lat' dir='ltr'><strong>galeae</strong></span> <span class='ocrx_word' id='word_1_100' title='bbox 1558 933 1596 956; x_wconf 85' lang='lat' dir='ltr'><strong>ex</strong></span> <span class='ocrx_word' id='word_1_101' title='bbox 1616 933 1685 955; x_wconf 87' lang='lat' dir='ltr'><strong>aere</strong></span> 
     </span>
     <span class='ocr_line' id='line_1_14' title="bbox 392 962 1686 1030; baseline -0.004 -34"><span class='ocrx_word' id='word_1_102' title='bbox 392 964 501 1003; x_wconf 79' lang='lat' dir='ltr'><strong>fulgor,</strong></span> <span class='ocrx_word' id='word_1_103' title='bbox 531 963 581 1001; x_wconf 87' lang='lat' dir='ltr'><strong>qui</strong></span> <span class='ocrx_word' id='word_1_104' title='bbox 602 962 747 992; x_wconf 86' lang='lat' dir='ltr'><strong>radiorum</strong></span> <span class='ocrx_word' id='word_1_105' title='bbox 767 963 814 993; x_wconf 88' lang='lat' dir='ltr'><strong>vel</strong></span> <span class='ocrx_word' id='word_1_106' title='bbox 835 963 923 993; x_wconf 86' lang='lat' dir='ltr'><strong>nimbi</strong></span> <span class='ocrx_word' id='word_1_107' title='bbox 944 964 1074 1030; x_wconf 48' lang='lat' dir='ltr'><strong>speciem</strong></span> <span class='ocrx_word' id='word_1_108' title='bbox 1101 962 1210 993; x_wconf 76' lang='lat' dir='ltr'><strong>referre</strong></span> <span class='ocrx_word' id='word_1_109' title='bbox 1230 962 1323 993; x_wconf 85' lang='lat' dir='ltr'><strong>videri</strong></span> <span class='ocrx_word' id='word_1_110' title='bbox 1344 966 1474 1001; x_wconf 80' lang='lat' dir='ltr'><strong>poterat,</strong></span> <span class='ocrx_word' id='word_1_111' title='bbox 1500 963 1643 999; x_wconf 81' lang='lat' dir='ltr'><strong>imprimis</strong></span> <span class='ocrx_word' id='word_1_112' title='bbox 1661 963 1686 992; x_wconf 88' lang='lat' dir='ltr'><strong>si</strong></span> 
     </span>
     <span class='ocr_line' id='line_1_15' title="bbox 391 999 1687 1038; baseline -0.003 -5"><span class='ocrx_word' id='word_1_113' title='bbox 391 1002 531 1033; x_wconf 86' lang='lat' dir='ltr'><strong>bucculas</strong></span> <span class='ocrx_word' id='word_1_114' title='bbox 551 1000 654 1038; x_wconf 86' lang='lat' dir='ltr'><strong>galeae</strong></span> <span class='ocrx_word' id='word_1_115' title='bbox 676 999 819 1037; x_wconf 86' lang='lat' dir='ltr'><strong>cogites.“</strong></span> <span class='ocrx_word' id='word_1_116' title='bbox 839 1000 873 1029; x_wconf 88' lang='lat' dir='ltr'><strong>H.</strong></span> <span class='ocrx_word' id='word_1_117' title='bbox 912 1000 946 1030; x_wconf 88' lang='lat' dir='ltr'><strong>Vi</strong></span> <span class='ocrx_word' id='word_1_118' title='bbox 971 1024 977 1030; x_wconf 96' lang='lat'><strong>.</strong></span> <span class='ocrx_word' id='word_1_119' title='bbox 1002 1002 1088 1031; x_wconf 80' lang='lat' dir='ltr'><strong>eliam</strong></span> <span class='ocrx_word' id='word_1_120' title='bbox 1108 1008 1195 1037; x_wconf 88' lang='lat' dir='ltr'><strong>supra</strong></span> <span class='ocrx_word' id='word_1_121' title='bbox 1217 1000 1253 1029; x_wconf 92' lang='lat' dir='ltr'><strong>ad</strong></span> <span class='ocrx_word' id='word_1_122' title='bbox 1276 1000 1335 1037; x_wconf 90' lang='lat' dir='ltr'><strong>Vll,</strong></span> <span class='ocrx_word' id='word_1_123' title='bbox 1355 1000 1420 1031; x_wconf 81' lang='lat'><strong>785.</strong></span> <span class='ocrx_word' id='word_1_124' title='bbox 1446 1015 1482 1021; x_wconf 92' lang='lat'>—</span> <span class='ocrx_word' id='word_1_125' title='bbox 1509 1000 1687 1038; x_wconf 74' lang='lat' dir='ltr'><strong>yeminas</strong></span> 
     </span>
     <span class='ocr_line' id='line_1_16' title="bbox 391 1037 1685 1079; baseline -0.002 -8"><span class='ocrx_word' id='word_1_126' title='bbox 391 1038 584 1079; x_wconf 72' lang='lat' dir='ltr'><strong>flammas,</strong></span> <span class='ocrx_word' id='word_1_127' title='bbox 606 1037 675 1074; x_wconf 84' lang='lat' dir='ltr'><strong>quia</strong></span> <span class='ocrx_word' id='word_1_128' title='bbox 696 1041 762 1067; x_wconf 82' lang='lat' dir='ltr'><strong>sunt</strong></span> <span class='ocrx_word' id='word_1_129' title='bbox 781 1040 896 1075; x_wconf 84' lang='lat' dir='ltr'><strong>gemina</strong></span> <span class='ocrx_word' id='word_1_130' title='bbox 916 1042 1055 1076; x_wconf 85' lang='lat' dir='ltr'><strong>tempora.</strong></span> <span class='ocrx_word' id='word_1_131' title='bbox 1076 1053 1112 1058; x_wconf 93' lang='lat'><strong>—</strong></span> <span class='ocrx_word' id='word_1_132' title='bbox 1131 1038 1195 1068; x_wconf 80' lang='grc'><strong>681.</strong></span> <span class='ocrx_word' id='word_1_133' title='bbox 1217 1038 1325 1067; x_wconf 74' lang='lat' dir='ltr'><strong>laeta</strong></span> <span class='ocrx_word' id='word_1_134' title='bbox 1345 1037 1381 1067; x_wconf 85' lang='lat' dir='ltr'><strong>ad</strong></span> <span class='ocrx_word' id='word_1_135' title='bbox 1401 1037 1590 1074; x_wconf 82' lang='lat' dir='ltr'><strong>splendorem</strong></span> <span class='ocrx_word' id='word_1_136' title='bbox 1610 1045 1685 1075; x_wconf 84' lang='lat' dir='ltr'><strong>spe-</strong></span> 
     </span>
     <span class='ocr_line' id='line_1_17' title="bbox 393 1073 1686 1114; baseline -0.005 -5"><span class='ocrx_word' id='word_1_137' title='bbox 393 1081 473 1109; x_wconf 79' lang='lat' dir='ltr'><strong>ctare</strong></span> <span class='ocrx_word' id='word_1_138' title='bbox 493 1077 634 1107; x_wconf 82' lang='lat' dir='ltr'><strong>memorat</strong></span> <span class='ocrx_word' id='word_1_139' title='bbox 655 1074 746 1112; x_wconf 83' lang='lat' dir='ltr'><strong>Heyn.</strong></span> <span class='ocrx_word' id='word_1_140' title='bbox 775 1076 843 1104; x_wconf 88' lang='lat' dir='ltr'><strong>coll.</strong></span> <span class='ocrx_word' id='word_1_141' title='bbox 866 1076 896 1114; x_wconf 89' lang='lat'><strong>1,</strong></span> <span class='ocrx_word' id='word_1_142' title='bbox 927 1076 992 1107; x_wconf 84' lang='lat'><strong>591.</strong></span> <span class='ocrx_word' id='word_1_143' title='bbox 1022 1076 1115 1105; x_wconf 78' lang='lat' dir='ltr'><strong>laetos</strong></span> <span class='ocrx_word' id='word_1_144' title='bbox 1136 1076 1230 1104; x_wconf 82' lang='lat' dir='ltr'><strong>oculis</strong></span> <span class='ocrx_word' id='word_1_145' title='bbox 1250 1073 1375 1112; x_wconf 80' lang='lat' dir='ltr'><strong>afflarat</strong></span> <span class='ocrx_word' id='word_1_146' title='bbox 1396 1075 1535 1104; x_wconf 77' lang='lat' dir='ltr'><strong>honores.</strong></span> <span class='ocrx_word' id='word_1_147' title='bbox 1557 1091 1595 1097; x_wconf 89' lang='lat'>-</span> <span class='ocrx_word' id='word_1_148' title='bbox 1635 1074 1686 1112; x_wconf 90' lang='lat' dir='ltr'><strong>„ln</strong></span> 
     </span>
     <span class='ocr_line' id='line_1_18' title="bbox 392 1111 1687 1151; baseline -0.003 -6"><span class='ocrx_word' id='word_1_149' title='bbox 392 1115 502 1147; x_wconf 79' lang='lat' dir='ltr'><strong>vertice</strong></span> <span class='ocrx_word' id='word_1_150' title='bbox 531 1111 719 1150; x_wconf 78' lang='lat' dir='ltr'><strong>aperitur,</strong></span> <span class='ocrx_word' id='word_1_151' title='bbox 748 1112 843 1149; x_wconf 82' lang='lat' dir='ltr'><strong>lueet,</strong></span> <span class='ocrx_word' id='word_1_152' title='bbox 872 1116 993 1151; x_wconf 86' lang='lat' dir='ltr'><strong>apparet</strong></span> <span class='ocrx_word' id='word_1_153' title='bbox 1021 1113 1153 1150; x_wconf 83' lang='lat' dir='ltr'><strong>(proprie</strong></span> <span class='ocrx_word' id='word_1_154' title='bbox 1183 1113 1220 1143; x_wconf 89' lang='lat' dir='ltr'><strong>de</strong></span> <span class='ocrx_word' id='word_1_155' title='bbox 1251 1114 1364 1142; x_wconf 77' lang='lat' dir='ltr'><strong>oriente</strong></span> <span class='ocrx_word' id='word_1_156' title='bbox 1392 1116 1421 1142; x_wconf 86' lang='lat' dir='ltr'><strong>et</strong></span> <span class='ocrx_word' id='word_1_157' title='bbox 1444 1113 1472 1141; x_wconf 93' lang='lat' dir='ltr'><strong>in</strong></span> <span class='ocrx_word' id='word_1_158' title='bbox 1495 1117 1687 1150; x_wconf 83' lang='lat' dir='ltr'><strong>conspectum</strong></span> 
     </span>
     <span class='ocr_line' id='line_1_19' title="bbox 393 1149 1688 1188; baseline -0.003 -6"><span class='ocrx_word' id='word_1_159' title='bbox 393 1153 530 1183; x_wconf 79' lang='lat' dir='ltr'><strong>veniente</strong></span> <span class='ocrx_word' id='word_1_160' title='bbox 557 1149 671 1187; x_wconf 83' lang='lat' dir='ltr'><strong>sidere)</strong></span> <span class='ocrx_word' id='word_1_161' title='bbox 700 1150 786 1180; x_wconf 89' lang='lat' dir='ltr'><strong>stella</strong></span> <span class='ocrx_word' id='word_1_162' title='bbox 813 1150 904 1188; x_wconf 85' lang='lat' dir='ltr'><strong>Iulia,</strong></span> <span class='ocrx_word' id='word_1_163' title='bbox 933 1150 1067 1180; x_wconf 85' lang='lat' dir='ltr'><strong>Caesaris</strong></span> <span class='ocrx_word' id='word_1_164' title='bbox 1096 1151 1183 1187; x_wconf 90' lang='lat' dir='ltr'><strong>capiti</strong></span> <span class='ocrx_word' id='word_1_165' title='bbox 1208 1151 1326 1187; x_wconf 81' lang='lat' dir='ltr'><strong>appingi</strong></span> <span class='ocrx_word' id='word_1_166' title='bbox 1355 1150 1439 1179; x_wconf 80' lang='lat' dir='ltr'><strong>solua</strong></span> <span class='ocrx_word' id='word_1_167' title='bbox 1467 1150 1495 1178; x_wconf 89' lang='lat' dir='ltr'><strong>in</strong></span> <span class='ocrx_word' id='word_1_168' title='bbox 1516 1151 1688 1179; x_wconf 87' lang='lat' dir='ltr'><strong>memoriam</strong></span> 
     </span>
     <span class='ocr_line' id='line_1_20' title="bbox 394 1186 1687 1225; baseline -0.003 -4"><span class='ocrx_word' id='word_1_169' title='bbox 394 1190 498 1221; x_wconf 83' lang='lat' dir='ltr'><strong>stellae</strong></span> <span class='ocrx_word' id='word_1_170' title='bbox 512 1188 648 1222; x_wconf 85' lang='lat' dir='ltr'><strong>crinitae,</strong></span> <span class='ocrx_word' id='word_1_171' title='bbox 669 1188 698 1215; x_wconf 90' lang='lat' dir='ltr'><strong>in</strong></span> <span class='ocrx_word' id='word_1_172' title='bbox 718 1196 804 1225; x_wconf 82' lang='lat' dir='ltr'><strong>quam</strong></span> <span class='ocrx_word' id='word_1_173' title='bbox 824 1189 899 1218; x_wconf 79' lang='lat' dir='ltr'><strong>inter</strong></span> <span class='ocrx_word' id='word_1_174' title='bbox 918 1188 1001 1218; x_wconf 86' lang='lat' dir='ltr'><strong>ludos</strong></span> <span class='ocrx_word' id='word_1_175' title='bbox 1023 1187 1159 1218; x_wconf 76' lang='lat' dir='ltr'><strong>funebres</strong></span> <span class='ocrx_word' id='word_1_176' title='bbox 1174 1187 1289 1217; x_wconf 81' lang='lat' dir='ltr'><strong>habitos</strong></span> <span class='ocrx_word' id='word_1_177' title='bbox 1310 1188 1404 1216; x_wconf 84' lang='lat' dir='ltr'><strong>anima</strong></span> <span class='ocrx_word' id='word_1_178' title='bbox 1417 1186 1551 1217; x_wconf 82' lang='lat' dir='ltr'><strong>Caesaris</strong></span> <span class='ocrx_word' id='word_1_179' title='bbox 1576 1188 1687 1217; x_wconf 78' lang='lat' dir='ltr'><strong>abiisse</strong></span> 
     </span>
     <span class='ocr_line' id='line_1_21' title="bbox 395 1223 1686 1262; baseline -0.003 -5"><span class='ocrx_word' id='word_1_180' title='bbox 395 1227 507 1258; x_wconf 80' lang='lat' dir='ltr'><strong>credita</strong></span> <span class='ocrx_word' id='word_1_181' title='bbox 537 1228 592 1255; x_wconf 81' lang='lat' dir='ltr'><strong>est.</strong></span> <span class='ocrx_word' id='word_1_182' title='bbox 631 1223 697 1253; x_wconf 78' lang='lat' dir='ltr'><strong>Vid·</strong></span> <span class='ocrx_word' id='word_1_183' title='bbox 728 1225 764 1254; x_wconf 87' lang='lat' dir='ltr'><strong>ad</strong></span> <span class='ocrx_word' id='word_1_184' title='bbox 793 1224 854 1255; x_wconf 88' lang='lat' dir='ltr'><strong>Ecl.</strong></span> <span class='ocrx_word' id='word_1_185' title='bbox 886 1224 939 1261; x_wconf 85' lang='lat' dir='ltr'><strong>IX,</strong></span> <span class='ocrx_word' id='word_1_186' title='bbox 971 1227 1015 1255; x_wconf 85' lang='grc'><strong>47.</strong></span> <span class='ocrx_word' id='word_1_187' title='bbox 1073 1224 1202 1254; x_wconf 85' lang='lat' dir='ltr'><strong>Eandem</strong></span> <span class='ocrx_word' id='word_1_188' title='bbox 1233 1225 1345 1254; x_wconf 79' lang='lat' dir='ltr'><strong>stellam</strong></span> <span class='ocrx_word' id='word_1_189' title='bbox 1373 1226 1501 1260; x_wconf 72' lang='lat' dir='ltr'><strong>respexit</strong></span> <span class='ocrx_word' id='word_1_190' title='bbox 1532 1224 1618 1262; x_wconf 86' lang='lat' dir='ltr'><strong>Prop.</strong></span> <span class='ocrx_word' id='word_1_191' title='bbox 1642 1224 1686 1261; x_wconf 84' lang='grc' dir='ltr'><strong>Ν,</strong></span> 
     </span>
     <span class='ocr_line' id='line_1_22' title="bbox 395 1260 1686 1302; baseline -0.002 -9"><span class='ocrx_word' id='word_1_192' title='bbox 395 1264 423 1302; x_wconf 80' lang='grc'><strong>6,</strong></span> <span class='ocrx_word' id='word_1_193' title='bbox 445 1264 483 1295; x_wconf 79' lang='grc'><strong>29</strong></span> <span class='ocrx_word' id='word_1_194' title='bbox 501 1260 567 1300; x_wconf 87' lang='lat' dir='ltr'><strong>sq.“</strong></span> <span class='ocrx_word' id='word_1_195' title='bbox 587 1261 622 1291; x_wconf 88' lang='lat' dir='ltr'><strong>H.</strong></span> <span class='ocrx_word' id='word_1_196' title='bbox 646 1277 679 1283; x_wconf 89' lang='lat'>-</span> <span class='ocrx_word' id='word_1_197' title='bbox 704 1262 769 1293; x_wconf 86' lang='grc'><strong>682.</strong></span> <span class='ocrx_word' id='word_1_198' title='bbox 787 1262 919 1291; x_wconf 77' lang='lat' dir='ltr'><strong>ventis</strong></span> <span class='ocrx_word' id='word_1_199' title='bbox 940 1263 1129 1291; x_wconf 77' lang='lat' dir='ltr'><strong>secundis</strong></span> <span class='ocrx_word' id='word_1_200' title='bbox 1150 1270 1206 1291; x_wconf 88' lang='lat' dir='ltr'><strong>non</strong></span> <span class='ocrx_word' id='word_1_201' title='bbox 1226 1263 1319 1292; x_wconf 90' lang='lat' dir='ltr'><strong>otiose</strong></span> <span class='ocrx_word' id='word_1_202' title='bbox 1339 1262 1478 1298; x_wconf 87' lang='lat' dir='ltr'><strong>additum,</strong></span> <span class='ocrx_word' id='word_1_203' title='bbox 1501 1263 1571 1298; x_wconf 84' lang='lat' dir='ltr'><strong>quia</strong></span> <span class='ocrx_word' id='word_1_204' title='bbox 1591 1270 1686 1299; x_wconf 89' lang='lat' dir='ltr'><strong>nsque</strong></span> 
     </span>
     <span class='ocr_line' id='line_1_23' title="bbox 395 1298 1686 1339; baseline -0.002 -8"><span class='ocrx_word' id='word_1_205' title='bbox 395 1301 432 1333; x_wconf 79' lang='lat' dir='ltr'><strong>ad</strong></span> <span class='ocrx_word' id='word_1_206' title='bbox 452 1301 582 1339; x_wconf 80' lang='lat' dir='ltr'><strong>quintum</strong></span> <span class='ocrx_word' id='word_1_207' title='bbox 605 1298 683 1329; x_wconf 88' lang='lat' dir='ltr'><strong>diem</strong></span> <span class='ocrx_word' id='word_1_208' title='bbox 704 1299 843 1329; x_wconf 87' lang='lat' dir='ltr'><strong>adversus</strong></span> <span class='ocrx_word' id='word_1_209' title='bbox 870 1303 973 1330; x_wconf 87' lang='lat' dir='ltr'><strong>ventus</strong></span> <span class='ocrx_word' id='word_1_210' title='bbox 994 1303 1134 1329; x_wconf 85' lang='lat' dir='ltr'><strong>tenuerat.</strong></span> <span class='ocrx_word' id='word_1_211' title='bbox 1175 1299 1218 1329; x_wconf 82' lang='lat' dir='ltr'><strong>Cf.</strong></span> <span class='ocrx_word' id='word_1_212' title='bbox 1241 1299 1312 1334; x_wconf 31' lang='lat' dir='ltr'><strong>Plu-t.</strong></span> <span class='ocrx_word' id='word_1_213' title='bbox 1333 1299 1371 1329; x_wconf 84' lang='lat' dir='ltr'><strong>M.</strong></span> <span class='ocrx_word' id='word_1_214' title='bbox 1393 1301 1496 1328; x_wconf 80' lang='lat' dir='ltr'><strong>Anton.</strong></span> <span class='ocrx_word' id='word_1_215' title='bbox 1527 1307 1553 1329; x_wconf 92' lang='lat' dir='ltr'><strong>c.</strong></span> <span class='ocrx_word' id='word_1_216' title='bbox 1577 1299 1625 1330; x_wconf 85' lang='grc'><strong>66.</strong></span> <span class='ocrx_word' id='word_1_217' title='bbox 1656 1303 1686 1329; x_wconf 76' lang='lat' dir='ltr'><strong>et</strong></span> 
     </span>
     <span class='ocr_line' id='line_1_24' title="bbox 395 1335 1686 1375; baseline -0.003 -5"><span class='ocrx_word' id='word_1_218' title='bbox 395 1338 479 1370; x_wconf 76' lang='lat' dir='ltr'><strong>Serv.</strong></span> <span class='ocrx_word' id='word_1_219' title='bbox 503 1336 539 1367; x_wconf 81' lang='lat' dir='ltr'><strong>ad</strong></span> <span class='ocrx_word' id='word_1_220' title='bbox 568 1344 594 1365; x_wconf 85' lang='lat' dir='ltr'><strong>v.</strong></span> <span class='ocrx_word' id='word_1_221' title='bbox 615 1336 681 1367; x_wconf 87' lang='grc'><strong>682.</strong></span> <span class='ocrx_word' id='word_1_222' title='bbox 710 1335 748 1366; x_wconf 92' lang='grc' dir='ltr'><strong>Μ.</strong></span> <span class='ocrx_word' id='word_1_223' title='bbox 769 1340 865 1367; x_wconf 84' lang='lat' dir='ltr'><strong>autem</strong></span> <span class='ocrx_word' id='word_1_224' title='bbox 893 1335 1046 1374; x_wconf 77' lang='lat' dir='ltr'><strong>Vipsanius</strong></span> <span class='ocrx_word' id='word_1_225' title='bbox 1064 1337 1190 1375; x_wconf 64' lang='lat' dir='ltr'><strong>Agrippa</strong></span> <span class='ocrx_word' id='word_1_226' title='bbox 1210 1337 1256 1367; x_wconf 88' lang='lat' dir='ltr'><strong>vel</strong></span> <span class='ocrx_word' id='word_1_227' title='bbox 1277 1336 1417 1365; x_wconf 83' lang='lat' dir='ltr'><strong>tironibus</strong></span> <span class='ocrx_word' id='word_1_228' title='bbox 1439 1338 1510 1366; x_wconf 85' lang='lat' dir='ltr'><strong>satis</strong></span> <span class='ocrx_word' id='word_1_229' title='bbox 1532 1341 1630 1366; x_wconf 87' lang='lat' dir='ltr'><strong>notus.</strong></span> <span class='ocrx_word' id='word_1_230' title='bbox 1650 1353 1686 1358; x_wconf 92' lang='lat'>—</span> 
     </span>
     <span class='ocr_line' id='line_1_25' title="bbox 396 1373 1685 1412; baseline -0.003 -6"><span class='ocrx_word' id='word_1_231' title='bbox 396 1375 463 1409; x_wconf 81' lang='grc'><strong>683.</strong></span> <span class='ocrx_word' id='word_1_232' title='bbox 484 1373 658 1412; x_wconf 74' lang='lat' dir='ltr'><strong>„arduus</strong></span> <span class='ocrx_word' id='word_1_233' title='bbox 682 1376 729 1403; x_wconf 83' lang='lat' dir='ltr'><strong>aut</strong></span> <span class='ocrx_word' id='word_1_234' title='bbox 740 1374 805 1411; x_wconf 84' lang='lat' dir='ltr'><strong>ipse</strong></span> <span class='ocrx_word' id='word_1_235' title='bbox 825 1378 903 1404; x_wconf 80' lang='lat' dir='ltr'><strong>stans</strong></span> <span class='ocrx_word' id='word_1_236' title='bbox 917 1374 1005 1404; x_wconf 89' lang='lat' dir='ltr'><strong>arduo</strong></span> <span class='ocrx_word' id='word_1_237' title='bbox 1027 1375 1056 1404; x_wconf 87' lang='lat' dir='ltr'><strong>in</strong></span> <span class='ocrx_word' id='word_1_238' title='bbox 1075 1375 1151 1409; x_wconf 88' lang='lat' dir='ltr'><strong>loco,</strong></span> <span class='ocrx_word' id='word_1_239' title='bbox 1173 1378 1221 1404; x_wconf 88' lang='lat' dir='ltr'><strong>aut</strong></span> <span class='ocrx_word' id='word_1_240' title='bbox 1234 1375 1297 1403; x_wconf 90' lang='lat' dir='ltr'><strong>navi</strong></span> <span class='ocrx_word' id='word_1_241' title='bbox 1318 1374 1407 1403; x_wconf 80' lang='lat' dir='ltr'><strong>ardua</strong></span> <span class='ocrx_word' id='word_1_242' title='bbox 1420 1375 1605 1411; x_wconf 86' lang='lat' dir='ltr'><strong>conspicuus.</strong></span> <span class='ocrx_word' id='word_1_243' title='bbox 1630 1373 1685 1410; x_wconf 73' lang='lat' dir='ltr'><strong>[Cf.</strong></span> 
     </span>
     <span class='ocr_line' id='line_1_26' title="bbox 394 1410 1686 1450; baseline -0.002 -7"><span class='ocrx_word' id='word_1_244' title='bbox 394 1413 457 1450; x_wconf 85' lang='lat' dir='ltr'><strong>vll,</strong></span> <span class='ocrx_word' id='word_1_245' title='bbox 477 1411 557 1449; x_wconf 66' lang='lat'><strong>624]</strong></span> <span class='ocrx_word' id='word_1_246' title='bbox 576 1427 613 1433; x_wconf 88' lang='lat'><strong>—-</strong></span> <span class='ocrx_word' id='word_1_247' title='bbox 651 1410 718 1441; x_wconf 84' lang='grc'><strong>684.</strong></span> <span class='ocrx_word' id='word_1_248' title='bbox 740 1412 879 1441; x_wconf 79' lang='lat' dir='ltr'><strong>navali</strong></span> <span class='ocrx_word' id='word_1_249' title='bbox 897 1419 1063 1447; x_wconf 77' lang='lat' dir='ltr'><strong>corona,</strong></span> <span class='ocrx_word' id='word_1_250' title='bbox 1086 1419 1161 1448; x_wconf 88' lang='lat' dir='ltr'><strong>quae</strong></span> <span class='ocrx_word' id='word_1_251' title='bbox 1187 1412 1290 1442; x_wconf 86' lang='lat' dir='ltr'><strong>eadem</strong></span> <span class='ocrx_word' id='word_1_252' title='bbox 1310 1413 1502 1446; x_wconf 76' lang='lat' dir='ltr'><strong>rostrata,</strong></span> <span class='ocrx_word' id='word_1_253' title='bbox 1523 1413 1625 1441; x_wconf 81' lang='lat' dir='ltr'><strong>rostris</strong></span> <span class='ocrx_word' id='word_1_254' title='bbox 1650 1419 1686 1441; x_wconf 83' lang='lat' dir='ltr'><strong>ex</strong></span> 
     </span>
     <span class='ocr_line' id='line_1_27' title="bbox 395 1448 1687 1486; baseline -0.004 -4"><span class='ocrx_word' id='word_1_255' title='bbox 395 1458 466 1482; x_wconf 73' lang='lat' dir='ltr'><strong>auro</strong></span> <span class='ocrx_word' id='word_1_256' title='bbox 485 1449 599 1485; x_wconf 83' lang='lat' dir='ltr'><strong>vallata,</strong></span> <span class='ocrx_word' id='word_1_257' title='bbox 621 1455 678 1486; x_wconf 89' lang='lat' dir='ltr'><strong>qua</strong></span> <span class='ocrx_word' id='word_1_258' title='bbox 697 1448 794 1485; x_wconf 89' lang='lat' dir='ltr'><strong>paullo</strong></span> <span class='ocrx_word' id='word_1_259' title='bbox 815 1452 881 1479; x_wconf 88' lang='lat' dir='ltr'><strong>ante</strong></span> <span class='ocrx_word' id='word_1_260' title='bbox 897 1449 1019 1479; x_wconf 85' lang='lat' dir='ltr'><strong>donatus</strong></span> <span class='ocrx_word' id='word_1_261' title='bbox 1038 1448 1130 1479; x_wconf 83' lang='lat' dir='ltr'><strong>suerat</strong></span> <span class='ocrx_word' id='word_1_262' title='bbox 1152 1450 1180 1478; x_wconf 89' lang='lat' dir='ltr'><strong>in</strong></span> <span class='ocrx_word' id='word_1_263' title='bbox 1200 1449 1279 1479; x_wconf 88' lang='lat' dir='ltr'><strong>bello</strong></span> <span class='ocrx_word' id='word_1_264' title='bbox 1291 1448 1401 1485; x_wconf 89' lang='lat' dir='ltr'><strong>Siculo,</strong></span> <span class='ocrx_word' id='word_1_265' title='bbox 1423 1449 1500 1477; x_wconf 82' lang='lat' dir='ltr'><strong>victo</strong></span> <span class='ocrx_word' id='word_1_266' title='bbox 1512 1448 1584 1479; x_wconf 84' lang='lat' dir='ltr'><strong>Sex.</strong></span> <span class='ocrx_word' id='word_1_267' title='bbox 1597 1449 1687 1478; x_wconf 90' lang='lat' dir='ltr'><strong>Pom-</strong></span> 
     </span>
     <span class='ocr_line' id='line_1_28' title="bbox 395 1485 1685 1527; baseline -0.002 -8"><span class='ocrx_word' id='word_1_268' title='bbox 395 1489 475 1527; x_wconf 86' lang='lat' dir='ltr'><strong>peio.</strong></span> <span class='ocrx_word' id='word_1_269' title='bbox 512 1485 578 1516; x_wconf 89' lang='lat' dir='ltr'><strong>Vid.</strong></span> <span class='ocrx_word' id='word_1_270' title='bbox 597 1485 701 1515; x_wconf 89' lang='lat' dir='ltr'><strong>Vellei.</strong></span> <span class='ocrx_word' id='word_1_271' title='bbox 725 1485 760 1521; x_wconf 89' lang='lat'><strong>11,</strong></span> <span class='ocrx_word' id='word_1_272' title='bbox 781 1485 849 1516; x_wconf 82' lang='lat'><strong>81.“</strong></span> <span class='ocrx_word' id='word_1_273' title='bbox 868 1485 904 1516; x_wconf 87' lang='lat' dir='ltr'><strong>H.</strong></span> <span class='ocrx_word' id='word_1_274' title='bbox 943 1486 1010 1517; x_wconf 85' lang='lat' dir='ltr'><strong>lure</strong></span> <span class='ocrx_word' id='word_1_275' title='bbox 1034 1490 1128 1516; x_wconf 79' lang='lat' dir='ltr'><strong>autem</strong></span> <span class='ocrx_word' id='word_1_276' title='bbox 1152 1486 1304 1523; x_wconf 72' lang='lat' dir='ltr'><strong>insiqne</strong></span> <span class='ocrx_word' id='word_1_277' title='bbox 1333 1486 1541 1523; x_wconf 81' lang='lat' dir='ltr'><strong>superbum</strong></span> <span class='ocrx_word' id='word_1_278' title='bbox 1561 1486 1685 1524; x_wconf 76' lang='lat' dir='ltr'><strong>dicitnr3</strong></span> 
     </span>
     <span class='ocr_line' id='line_1_29' title="bbox 397 1522 1687 1561; baseline -0.003 -5"><span class='ocrx_word' id='word_1_279' title='bbox 397 1533 462 1556; x_wconf 81' lang='lat' dir='ltr'><strong>nam</strong></span> <span class='ocrx_word' id='word_1_280' title='bbox 481 1523 596 1554; x_wconf 84' lang='lat' dir='ltr'><strong>Velleio</strong></span> <span class='ocrx_word' id='word_1_281' title='bbox 616 1526 693 1553; x_wconf 79' lang='lat' dir='ltr'><strong>teste</strong></span> <span class='ocrx_word' id='word_1_282' title='bbox 712 1522 732 1552; x_wconf 94' lang='grc'><strong>1.</strong></span> <span class='ocrx_word' id='word_1_283' title='bbox 754 1523 773 1554; x_wconf 93' lang='grc'><strong>1.</strong></span> <span class='ocrx_word' id='word_1_284' title='bbox 794 1523 911 1561; x_wconf 74' lang='lat' dir='ltr'><strong>lusique</strong></span> <span class='ocrx_word' id='word_1_285' title='bbox 938 1531 1069 1554; x_wconf 83' lang='lat' dir='ltr'><strong>coronae</strong></span> <span class='ocrx_word' id='word_1_286' title='bbox 1096 1524 1255 1559; x_wconf 78' lang='lat' dir='ltr'><strong>classicae,</strong></span> <span class='ocrx_word' id='word_1_287' title='bbox 1284 1531 1354 1561; x_wconf 80' lang='lat' dir='ltr'><strong>quo</strong></span> <span class='ocrx_word' id='word_1_288' title='bbox 1381 1531 1485 1552; x_wconf 82' lang='lat' dir='ltr'><strong>nemo</strong></span> <span class='ocrx_word' id='word_1_289' title='bbox 1512 1531 1687 1561; x_wconf 80' lang='lat' dir='ltr'><strong>umquam</strong></span> 
     </span>
     <span class='ocr_line' id='line_1_30' title="bbox 396 1560 1685 1599; baseline -0.002 -7"><span class='ocrx_word' id='word_1_290' title='bbox 396 1563 657 1593; x_wconf 75' lang='lat' dir='ltr'><strong>Romanorum</strong></span> <span class='ocrx_word' id='word_1_291' title='bbox 677 1560 847 1590; x_wconf 82' lang='lat' dir='ltr'><strong>donatus</strong></span> <span class='ocrx_word' id='word_1_292' title='bbox 869 1562 943 1596; x_wconf 82' lang='lat' dir='ltr'><strong>est,</strong></span> <span class='ocrx_word' id='word_1_293' title='bbox 970 1561 1026 1590; x_wconf 79' lang='grc' dir='ltr'><strong><em>Ιιοο</em></strong></span> <span class='ocrx_word' id='word_1_294' title='bbox 1045 1560 1118 1590; x_wconf 79' lang='lat' dir='ltr'><strong>bello</strong></span> <span class='ocrx_word' id='word_1_295' title='bbox 1135 1560 1261 1599; x_wconf 79' lang='lat' dir='ltr'><strong>Aqrippa</strong></span> <span class='ocrx_word' id='word_1_296' title='bbox 1282 1561 1427 1598; x_wconf 70' lang='lat' dir='ltr'><strong>sinqulari</strong></span> <span class='ocrx_word' id='word_1_297' title='bbox 1444 1561 1547 1591; x_wconf 79' lang='lat' dir='ltr'><strong>virtute</strong></span> <span class='ocrx_word' id='word_1_298' title='bbox 1569 1561 1685 1594; x_wconf 80' lang='lat' dir='ltr'><strong>meruit,</strong></span> 
     </span>
     <span class='ocr_line' id='line_1_31' title="bbox 397 1597 1685 1637; baseline -0.003 -6"><span class='ocrx_word' id='word_1_299' title='bbox 397 1603 428 1632; x_wconf 75' lang='lat' dir='ltr'><strong>et</strong></span> <span class='ocrx_word' id='word_1_300' title='bbox 458 1599 618 1630; x_wconf 88' lang='lat' dir='ltr'><strong>secundum</strong></span> <span class='ocrx_word' id='word_1_301' title='bbox 647 1597 754 1629; x_wconf 87' lang='lat' dir='ltr'><strong>Senec.</strong></span> <span class='ocrx_word' id='word_1_302' title='bbox 786 1598 823 1629; x_wconf 86' lang='lat' dir='ltr'><strong>de</strong></span> <span class='ocrx_word' id='word_1_303' title='bbox 851 1598 952 1629; x_wconf 83' lang='lat' dir='ltr'><strong>Benel&#39;.</strong></span> <span class='ocrx_word' id='word_1_304' title='bbox 973 1597 1025 1634; x_wconf 84' lang='lat'><strong>111,</strong></span> <span class='ocrx_word' id='word_1_305' title='bbox 1055 1599 1101 1629; x_wconf 89' lang='grc'><strong>32.</strong></span> <span class='ocrx_word' id='word_1_306' title='bbox 1132 1599 1258 1636; x_wconf 76' lang='lat' dir='ltr'><strong>Ayrippa</strong></span> <span class='ocrx_word' id='word_1_307' title='bbox 1287 1598 1389 1627; x_wconf 77' lang='lat' dir='ltr'><strong>navali</strong></span> <span class='ocrx_word' id='word_1_308' title='bbox 1414 1606 1527 1627; x_wconf 83' lang='lat' dir='ltr'><strong>corona</strong></span> <span class='ocrx_word' id='word_1_309' title='bbox 1554 1599 1685 1637; x_wconf 74' lang='lat' dir='ltr'><strong>insiqnis,</strong></span> 
     </span>
     <span class='ocr_line' id='line_1_32' title="bbox 397 1634 1686 1673; baseline -0.002 -6"><span class='ocrx_word' id='word_1_310' title='bbox 397 1645 508 1667; x_wconf 78' lang='lat' dir='ltr'><strong>unum</strong></span> <span class='ocrx_word' id='word_1_311' title='bbox 535 1636 656 1673; x_wconf 80' lang='lat' dir='ltr'><strong>adeptus</strong></span> <span class='ocrx_word' id='word_1_312' title='bbox 683 1637 729 1665; x_wconf 77' lang='lat' dir='ltr'><strong>ese</strong></span> <span class='ocrx_word' id='word_1_313' title='bbox 747 1635 823 1665; x_wconf 76' lang='lat' dir='ltr'><strong>inter</strong></span> <span class='ocrx_word' id='word_1_314' title='bbox 849 1636 927 1666; x_wconf 81' lang='lat' dir='ltr'><strong>dona</strong></span> <span class='ocrx_word' id='word_1_315' title='bbox 954 1636 1094 1665; x_wconf 57' lang='lat' dir='ltr'><strong>militaria</strong></span> <span class='ocrx_word' id='word_1_316' title='bbox 1122 1636 1220 1666; x_wconf 81' lang='lat' dir='ltr'><strong>decus.</strong></span> <span class='ocrx_word' id='word_1_317' title='bbox 1260 1634 1395 1666; x_wconf 83' lang='lat' dir='ltr'><strong>Ceterum</strong></span> <span class='ocrx_word' id='word_1_318' title='bbox 1419 1635 1453 1665; x_wconf 83' lang='lat' dir='ltr'><strong>cf.</strong></span> <span class='ocrx_word' id='word_1_319' title='bbox 1475 1636 1583 1665; x_wconf 80' lang='lat' dir='ltr'><strong>adnott.</strong></span> <span class='ocrx_word' id='word_1_320' title='bbox 1606 1636 1643 1666; x_wconf 90' lang='lat' dir='ltr'><strong>ad</strong></span> <span class='ocrx_word' id='word_1_321' title='bbox 1665 1636 1686 1671; x_wconf 89' lang='grc'><strong>1,</strong></span> 
     </span>
     <span class='ocr_line' id='line_1_33' title="bbox 396 1673 1687 1710; baseline -0.003 -4"><span class='ocrx_word' id='word_1_322' title='bbox 396 1675 444 1706; x_wconf 87' lang='grc'><strong>21.</strong></span> <span class='ocrx_word' id='word_1_323' title='bbox 465 1689 502 1696; x_wconf 91' lang='grc'>-</span> <span class='ocrx_word' id='word_1_324' title='bbox 540 1674 605 1705; x_wconf 80' lang='grc'><strong>685.</strong></span> <span class='ocrx_word' id='word_1_325' title='bbox 638 1681 726 1710; x_wconf 80' lang='lat' dir='ltr'><strong>„ope</strong></span> <span class='ocrx_word' id='word_1_326' title='bbox 751 1674 981 1703; x_wconf 79' lang='lat' dir='ltr'><strong>barba-rica.</strong></span> <span class='ocrx_word' id='word_1_327' title='bbox 1021 1673 1063 1703; x_wconf 85' lang='lat' dir='ltr'><strong>Ex</strong></span> <span class='ocrx_word' id='word_1_328' title='bbox 1083 1674 1206 1704; x_wconf 87' lang='lat' dir='ltr'><strong>adverso</strong></span> <span class='ocrx_word' id='word_1_329' title='bbox 1228 1680 1383 1710; x_wconf 83' lang='lat' dir='ltr'><strong>expressus</strong></span> <span class='ocrx_word' id='word_1_330' title='bbox 1404 1674 1432 1701; x_wconf 92' lang='lat' dir='ltr'><strong>in</strong></span> <span class='ocrx_word' id='word_1_331' title='bbox 1453 1681 1522 1703; x_wconf 89' lang='lat' dir='ltr'><strong>aere</strong></span> <span class='ocrx_word' id='word_1_332' title='bbox 1544 1674 1687 1703; x_wconf 87' lang='lat' dir='ltr'><strong>Antonius</strong></span> 
     </span>
     <span class='ocr_line' id='line_1_34' title="bbox 397 1710 1686 1749; baseline -0.002 -6"><span class='ocrx_word' id='word_1_333' title='bbox 397 1720 462 1743; x_wconf 77' lang='lat' dir='ltr'><strong>curn</strong></span> <span class='ocrx_word' id='word_1_334' title='bbox 491 1719 526 1741; x_wconf 89' lang='lat' dir='ltr'><strong>co</strong></span> <span class='ocrx_word' id='word_1_335' title='bbox 548 1712 584 1740; x_wconf 88' lang='lat' dir='ltr'><strong>iis</strong></span> <span class='ocrx_word' id='word_1_336' title='bbox 612 1718 648 1741; x_wconf 89' lang='lat' dir='ltr'><strong>ex</strong></span> <span class='ocrx_word' id='word_1_337' title='bbox 675 1710 834 1741; x_wconf 83' lang='lat' dir='ltr'><strong>barbaricis</strong></span> <span class='ocrx_word' id='word_1_338' title='bbox 862 1711 978 1749; x_wconf 89' lang='lat' dir='ltr'><strong>populis</strong></span> <span class='ocrx_word' id='word_1_339' title='bbox 999 1711 1122 1741; x_wconf 88' lang='lat' dir='ltr'><strong>diversis</strong></span> <span class='ocrx_word' id='word_1_340' title='bbox 1149 1711 1240 1746; x_wconf 78' lang='lat' dir='ltr'><strong>(unde</strong></span> <span class='ocrx_word' id='word_1_341' title='bbox 1268 1711 1356 1746; x_wconf 69' lang='lat' dir='ltr'><strong>varzja</strong></span> <span class='ocrx_word' id='word_1_342' title='bbox 1377 1711 1479 1746; x_wconf 80' lang='lat' dir='ltr'><strong>arma)</strong></span> <span class='ocrx_word' id='word_1_343' title='bbox 1502 1712 1686 1747; x_wconf 82' lang='lat' dir='ltr'><strong>conscriptis,</strong></span> 
     </span>
     <span class='ocr_line' id='line_1_35' title="bbox 417 1747 1687 1785; baseline -0.003 -4"><span class='ocrx_word' id='word_1_344' title='bbox 417 1753 513 1781; x_wconf 79' lang='lat' dir='ltr'><strong>raeler</strong></span> <span class='ocrx_word' id='word_1_345' title='bbox 546 1749 678 1785; x_wconf 65' lang='lat' dir='ltr'><strong>eguinos,</strong></span> <span class='ocrx_word' id='word_1_346' title='bbox 699 1756 770 1785; x_wconf 87' lang='lat' dir='ltr'><strong>quas</strong></span> <span class='ocrx_word' id='word_1_347' title='bbox 791 1749 928 1779; x_wconf 88' lang='lat' dir='ltr'><strong>habebat.</strong></span> <span class='ocrx_word' id='word_1_348' title='bbox 968 1747 1010 1778; x_wconf 82' lang='lat' dir='ltr'><strong>Cl&#39;.</strong></span> <span class='ocrx_word' id='word_1_349' title='bbox 1033 1749 1104 1778; x_wconf 84' lang='lat' dir='ltr'><strong>Plnt.</strong></span> <span class='ocrx_word' id='word_1_350' title='bbox 1125 1749 1162 1777; x_wconf 88' lang='grc' dir='ltr'><strong>Μ.</strong></span> <span class='ocrx_word' id='word_1_351' title='bbox 1183 1750 1285 1777; x_wconf 67' lang='lat' dir='ltr'><strong>Annon.</strong></span> <span class='ocrx_word' id='word_1_352' title='bbox 1308 1757 1335 1785; x_wconf 84' lang='lat' dir='ltr'><strong>p.</strong></span> <span class='ocrx_word' id='word_1_353' title='bbox 1348 1748 1414 1778; x_wconf 81' lang='lat'><strong>944.</strong></span> <span class='ocrx_word' id='word_1_354' title='bbox 1432 1747 1464 1777; x_wconf 90' lang='lat' dir='ltr'><strong>B.</strong></span> <span class='ocrx_word' id='word_1_355' title='bbox 1487 1748 1526 1784; x_wconf 89' lang='lat' dir='ltr'><strong>[c.</strong></span> <span class='ocrx_word' id='word_1_356' title='bbox 1540 1749 1622 1785; x_wconf 79' lang='lat'><strong>61.]“</strong></span> <span class='ocrx_word' id='word_1_357' title='bbox 1652 1748 1687 1777; x_wconf 88' lang='lat'><strong>11.</strong></span> 
     </span>
     <span class='ocr_line' id='line_1_36' title="bbox 419 1785 1687 1823; baseline -0.002 -6"><span class='ocrx_word' id='word_1_358' title='bbox 419 1796 451 1817; x_wconf 90' lang='lat' dir='ltr'><strong>ro</strong></span> <span class='ocrx_word' id='word_1_359' title='bbox 471 1785 612 1821; x_wconf 79' lang='lat' dir='ltr'><strong>variis,</strong></span> <span class='ocrx_word' id='word_1_360' title='bbox 634 1785 711 1822; x_wconf 83' lang='lat' dir='ltr'><strong>quod</strong></span> <span class='ocrx_word' id='word_1_361' title='bbox 731 1785 824 1822; x_wconf 80' lang='lat' dir='ltr'><strong>Heyn.</strong></span> <span class='ocrx_word' id='word_1_362' title='bbox 848 1790 927 1816; x_wconf 87' lang='lat' dir='ltr'><strong>recte</strong></span> <span class='ocrx_word' id='word_1_363' title='bbox 948 1787 1150 1823; x_wconf 82' lang='lat' dir='ltr'><strong>interpretatur</strong></span> <span class='ocrx_word' id='word_1_364' title='bbox 1169 1786 1285 1821; x_wconf 80' lang='lat' dir='ltr'><strong>„multis</strong></span> <span class='ocrx_word' id='word_1_365' title='bbox 1309 1794 1343 1814; x_wconf 84' lang='lat' dir='ltr'><strong>ac</strong></span> <span class='ocrx_word' id='word_1_366' title='bbox 1363 1785 1486 1815; x_wconf 86' lang='lat' dir='ltr'><strong>diversis</strong></span> <span class='ocrx_word' id='word_1_367' title='bbox 1507 1785 1607 1814; x_wconf 61' lang='lat' dir='ltr'><strong>habitu</strong></span> <span class='ocrx_word' id='word_1_368' title='bbox 1628 1786 1687 1815; x_wconf 90' lang='lat' dir='ltr'><strong>ad-</strong></span> 
     </span>
     <span class='ocr_line' id='line_1_37' title="bbox 396 1822 1687 1862; baseline -0.001 -8"><span class='ocrx_word' id='word_1_369' title='bbox 396 1823 587 1862; x_wconf 84' lang='lat' dir='ltr'><strong>specluque,“</strong></span> <span class='ocrx_word' id='word_1_370' title='bbox 608 1822 708 1852; x_wconf 82' lang='lat' dir='ltr'><strong>Heins.</strong></span> <span class='ocrx_word' id='word_1_371' title='bbox 732 1823 807 1852; x_wconf 89' lang='lat' dir='ltr'><strong>coni.</strong></span> <span class='ocrx_word' id='word_1_372' title='bbox 826 1822 957 1859; x_wconf 72' lang='lat' dir='ltr'><strong>Phariis,</strong></span> <span class='ocrx_word' id='word_1_373' title='bbox 986 1831 1070 1860; x_wconf 87' lang='lat' dir='ltr'><strong>quam</strong></span> <span class='ocrx_word' id='word_1_374' title='bbox 1092 1825 1255 1859; x_wconf 73' lang='lat' dir='ltr'><strong>elegantem</strong></span> <span class='ocrx_word' id='word_1_375' title='bbox 1277 1823 1409 1860; x_wconf 86' lang='lat' dir='ltr'><strong>quidem,</strong></span> <span class='ocrx_word' id='word_1_376' title='bbox 1437 1823 1484 1852; x_wconf 85' lang='lat' dir='ltr'><strong>vel</strong></span> <span class='ocrx_word' id='word_1_377' title='bbox 1500 1831 1687 1859; x_wconf 85' lang='lat' dir='ltr'><strong>supervaca-</strong></span> 
     </span>
     <span class='ocr_line' id='line_1_38' title="bbox 396 1859 1688 1935; baseline -0.001 -7"><span class='ocrx_word' id='word_1_378' title='bbox 396 1859 1180 1935; x_wconf 37' lang='lat' dir='ltr'><strong>l⁰⁸fl¹’:⁰1¹¹7‘30‘l&#39;53&#39;lalluditur·033¹..‘³.&#39;.²t.·2.‘3;.</strong></span> <span class='ocrx_word' id='word_1_379' title='bbox 1201 1862 1334 1928; x_wconf 47' lang='lat' dir='ltr'><strong>egilii</strong></span> <span class='ocrx_word' id='word_1_380' title='bbox 1347 1863 1395 1934; x_wconf 62' lang='lat' dir='ltr'><strong>qi}</strong></span> <span class='ocrx_word' id='word_1_381' title='bbox 1417 1860 1688 1934; x_wconf 57' lang='lat' dir='ltr'><strong>3312?“lt¹¹0‘’2&#39;‹3„};‚².‡2·</strong></span> 
     </span>
     <span class='ocr_line' id='line_1_39' title="bbox 420 1918 1506 1933; baseline -0.002 -5"><span class='ocrx_word' id='word_1_382' title='bbox 420 1918 428 1927; x_wconf 91' lang='lat'><strong>.</strong></span> <span class='ocrx_word' id='word_1_383' title='bbox 479 1921 485 1928; x_wconf 92' lang='lat'><strong>.</strong></span> <span class='ocrx_word' id='word_1_384' title='bbox 528 1920 534 1926; x_wconf 92' lang='lat'><strong>.</strong></span> <span class='ocrx_word' id='word_1_385' title='bbox 613 1919 621 1926; x_wconf 94' lang='lat'><strong>.</strong></span> <span class='ocrx_word' id='word_1_386' title='bbox 789 1918 795 1925; x_wconf 88' lang='lat'><strong>.</strong></span> <span class='ocrx_word' id='word_1_387' title='bbox 889 1920 895 1926; x_wconf 96' lang='lat'><strong>.</strong></span> <span class='ocrx_word' id='word_1_388' title='bbox 1307 1918 1326 1933; x_wconf 90' lang='lat'><strong>.,</strong></span> <span class='ocrx_word' id='word_1_389' title='bbox 1498 1919 1506 1933; x_wconf 91' lang='lat'><strong>,</strong></span> 
     </span>
    </p>

    <p class='ocr_par' dir='ltr' id='par_1_9' title="bbox 372 1933 1688 2605">
     <span class='ocr_line' id='line_1_40' title="bbox 395 1933 1686 1974; baseline 0 -9"><span class='ocrx_word' id='word_1_390' title='bbox 395 1936 490 1974; x_wconf 82' lang='lat' dir='ltr'><strong>ipsum</strong></span> <span class='ocrx_word' id='word_1_391' title='bbox 511 1935 570 1964; x_wconf 85' lang='lat' dir='ltr'><strong>dici</strong></span> <span class='ocrx_word' id='word_1_392' title='bbox 592 1941 649 1971; x_wconf 85' lang='lat' dir='ltr'><strong>ope</strong></span> <span class='ocrx_word' id='word_1_393' title='bbox 668 1933 819 1963; x_wconf 83' lang='lat' dir='ltr'><strong>barbarica</strong></span> <span class='ocrx_word' id='word_1_394' title='bbox 841 1937 871 1964; x_wconf 81' lang='lat' dir='ltr'><strong>et</strong></span> <span class='ocrx_word' id='word_1_395' title='bbox 890 1933 1009 1971; x_wconf 84' lang='lat' dir='ltr'><strong>Phariis,</strong></span> <span class='ocrx_word' id='word_1_396' title='bbox 1030 1935 1050 1964; x_wconf 94' lang='lat' dir='ltr'><strong>i.</strong></span> <span class='ocrx_word' id='word_1_397' title='bbox 1072 1942 1099 1964; x_wconf 94' lang='lat' dir='ltr'><strong>e.</strong></span> <span class='ocrx_word' id='word_1_398' title='bbox 1120 1935 1290 1972; x_wconf 82' lang='lat' dir='ltr'><strong>Aegyptiis,</strong></span> <span class='ocrx_word' id='word_1_399' title='bbox 1318 1936 1403 1964; x_wconf 89' lang='lat' dir='ltr'><strong>armis</strong></span> <span class='ocrx_word' id='word_1_400' title='bbox 1422 1935 1552 1964; x_wconf 75' lang='lat' dir='ltr'><strong>indutum</strong></span> <span class='ocrx_word' id='word_1_401' title='bbox 1575 1937 1686 1972; x_wconf 71' lang='lat' dir='ltr'><strong>l‘uisse5</strong></span> 
     </span>
     <span class='ocr_line' id='line_1_41' title="bbox 395 1971 1687 2010; baseline -0.001 -7"><span class='ocrx_word' id='word_1_402' title='bbox 395 1975 427 2003; x_wconf 88' lang='lat' dir='ltr'><strong>iu</strong></span> <span class='ocrx_word' id='word_1_403' title='bbox 447 1980 533 2010; x_wconf 84' lang='lat' dir='ltr'><strong>quam</strong></span> <span class='ocrx_word' id='word_1_404' title='bbox 564 1978 626 2002; x_wconf 87' lang='lat' dir='ltr'><strong>rem</strong></span> <span class='ocrx_word' id='word_1_405' title='bbox 646 1971 757 2001; x_wconf 73' lang='lat' dir='ltr'><strong>confert</strong></span> <span class='ocrx_word' id='word_1_406' title='bbox 783 1972 892 2001; x_wconf 82' lang='lat' dir='ltr'><strong>veleris</strong></span> <span class='ocrx_word' id='word_1_407' title='bbox 912 1971 1018 2008; x_wconf 76' lang='lat' dir='ltr'><strong>poetae</strong></span> <span class='ocrx_word' id='word_1_408' title='bbox 1038 1972 1129 2002; x_wconf 80' lang='lat' dir='ltr'><strong>verba</strong></span> <span class='ocrx_word' id='word_1_409' title='bbox 1158 1980 1204 2009; x_wconf 89' lang='lat' dir='ltr'><strong>ap.</strong></span> <span class='ocrx_word' id='word_1_410' title='bbox 1227 1972 1288 2002; x_wconf 82' lang='lat' dir='ltr'><strong>Cic.</strong></span> <span class='ocrx_word' id='word_1_411' title='bbox 1309 1972 1394 2001; x_wconf 86' lang='lat' dir='ltr'><strong>Tusc.</strong></span> <span class='ocrx_word' id='word_1_412' title='bbox 1415 1972 1446 2007; x_wconf 94' lang='lat' dir='ltr'><strong>l,</strong></span> <span class='ocrx_word' id='word_1_413' title='bbox 1467 1972 1513 2002; x_wconf 86' lang='lat'><strong>35.</strong></span> <span class='ocrx_word' id='word_1_414' title='bbox 1545 1972 1687 2002; x_wconf 69' lang='lat' dir='ltr'><strong>Adstante</strong></span> 
     </span>
     <span class='ocr_line' id='line_1_42' title="bbox 396 2007 1687 2048; baseline -0.001 -8"><span class='ocrx_word' id='word_1_415' title='bbox 396 2018 451 2048; x_wconf 84' lang='lat' dir='ltr'><strong>ope</strong></span> <span class='ocrx_word' id='word_1_416' title='bbox 473 2008 647 2044; x_wconf 78' lang='lat' dir='ltr'><strong>barbarica,</strong></span> <span class='ocrx_word' id='word_1_417' title='bbox 673 2007 765 2042; x_wconf 66' lang='lat' dir='ltr'><strong>Tectis,</strong></span> <span class='ocrx_word' id='word_1_418' title='bbox 784 2008 920 2045; x_wconf 65' lang='lat' dir='ltr'><strong>caelum,</strong></span> <span class='ocrx_word' id='word_1_419' title='bbox 949 2009 1100 2047; x_wconf 77' lang='lat' dir='ltr'><strong>laqueatis.</strong></span> <span class='ocrx_word' id='word_1_420' title='bbox 1124 2026 1160 2031; x_wconf 86' lang='grc'><strong>--</strong></span> <span class='ocrx_word' id='word_1_421' title='bbox 1199 2009 1254 2040; x_wconf 88' lang='grc'><strong>686</strong></span> <span class='ocrx_word' id='word_1_422' title='bbox 1272 2017 1336 2046; x_wconf 86' lang='lat' dir='ltr'><strong>sqq.</strong></span> <span class='ocrx_word' id='word_1_423' title='bbox 1366 2008 1451 2046; x_wconf 82' lang='lat' dir='ltr'><strong>„Vult</strong></span> <span class='ocrx_word' id='word_1_424' title='bbox 1479 2010 1592 2047; x_wconf 85' lang='lat' dir='ltr'><strong>proelia</strong></span> <span class='ocrx_word' id='word_1_425' title='bbox 1621 2019 1687 2039; x_wconf 89' lang='lat' dir='ltr'><strong>cum</strong></span> 
     </span>
     <span class='ocr_line' id='line_1_43' title="bbox 395 2045 1687 2084; baseline -0.001 -6"><span class='ocrx_word' id='word_1_426' title='bbox 395 2047 507 2078; x_wconf 75' lang='lat' dir='ltr'><strong>Parthis</strong></span> <span class='ocrx_word' id='word_1_427' title='bbox 557 2045 651 2076; x_wconf 80' lang='lat' dir='ltr'><strong>uibus·</strong></span> <span class='ocrx_word' id='word_1_428' title='bbox 663 2045 767 2076; x_wconf 89' lang='lat' dir='ltr'><strong>Oriens</strong></span> <span class='ocrx_word' id='word_1_429' title='bbox 787 2049 847 2075; x_wconf 84' lang='lat' dir='ltr'><strong>tum</strong></span> <span class='ocrx_word' id='word_1_430' title='bbox 865 2046 1002 2084; x_wconf 76' lang='lat' dir='ltr'><strong>parebat,</strong></span> <span class='ocrx_word' id='word_1_431' title='bbox 1023 2047 1138 2083; x_wconf 86' lang='lat' dir='ltr'><strong>dicere,</strong></span> <span class='ocrx_word' id='word_1_432' title='bbox 1166 2048 1241 2076; x_wconf 85' lang='lat' dir='ltr'><strong>inter</strong></span> <span class='ocrx_word' id='word_1_433' title='bbox 1261 2054 1335 2083; x_wconf 86' lang='lat' dir='ltr'><strong>qnae</strong></span> <span class='ocrx_word' id='word_1_434' title='bbox 1355 2047 1490 2075; x_wconf 87' lang='lat' dir='ltr'><strong>nonnulla</strong></span> <span class='ocrx_word' id='word_1_435' title='bbox 1510 2046 1594 2077; x_wconf 80' lang='lat' dir='ltr'><strong>suere</strong></span> <span class='ocrx_word' id='word_1_436' title='bbox 1615 2049 1687 2077; x_wconf 85' lang='lat' dir='ltr'><strong>satis</strong></span> 
     </span>
     <span class='ocr_line' id='line_1_44' title="bbox 372 2055 1686 2127; baseline -0.002 -12"><span class='ocrx_word' id='word_1_437' title='bbox 372 2086 380 2092; x_wconf 87' lang='lat'>&#39;</span> <span class='ocrx_word' id='word_1_438' title='bbox 398 2055 583 2127; x_wconf 47' lang='lat' dir='ltr'><strong>reuciafi‘qlss</strong></span> <span class='ocrx_word' id='word_1_439' title='bbox 605 2099 641 2105; x_wconf 98' lang='lat'><strong>—</strong></span> <span class='ocrx_word' id='word_1_440' title='bbox 660 2082 792 2127; x_wconf 49' lang='lat' dir='ltr'><strong>„Victo</strong></span> <span class='ocrx_word' id='word_1_441' title='bbox 803 2091 820 2112; x_wconf 88' lang='lat' dir='ltr'><strong>r</strong></span> <span class='ocrx_word' id='word_1_442' title='bbox 841 2092 860 2127; x_wconf 75' lang='grc' dir='ltr'><em>ᾳ</em></span> <span class='ocrx_word' id='word_1_443' title='bbox 878 2084 1035 2127; x_wconf 80' lang='lat' dir='ltr'><strong>populis</strong></span> <span class='ocrx_word' id='word_1_444' title='bbox 1055 2084 1113 2113; x_wconf 82' lang='lat' dir='ltr'><strong>dici</strong></span> <span class='ocrx_word' id='word_1_445' title='bbox 1135 2084 1256 2127; x_wconf 81' lang='lat' dir='ltr'><strong>videtur,</strong></span> <span class='ocrx_word' id='word_1_446' title='bbox 1279 2084 1327 2120; x_wconf 91' lang='lat' dir='ltr'><strong>qui</strong></span> <span class='ocrx_word' id='word_1_447' title='bbox 1349 2084 1429 2112; x_wconf 81' lang='lat' dir='ltr'><strong>illato</strong></span> <span class='ocrx_word' id='word_1_448' title='bbox 1451 2084 1508 2113; x_wconf 82' lang='lat' dir='ltr'><strong>illis</strong></span> <span class='ocrx_word' id='word_1_449' title='bbox 1529 2084 1609 2114; x_wconf 83' lang='lat' dir='ltr'><strong>bello</strong></span> <span class='ocrx_word' id='word_1_450' title='bbox 1631 2093 1686 2114; x_wconf 89' lang='lat' dir='ltr'><strong>su-</strong></span> 
     </span>
     <span class='ocr_line' id='line_1_45' title="bbox 417 2119 1687 2158; baseline -0.001 -8"><span class='ocrx_word' id='word_1_451' title='bbox 417 2123 494 2153; x_wconf 81' lang='lat' dir='ltr'><strong>erior</strong></span> <span class='ocrx_word' id='word_1_452' title='bbox 513 2129 537 2152; x_wconf 88' lang='lat' dir='ltr'><strong>s.</strong></span> <span class='ocrx_word' id='word_1_453' title='bbox 557 2124 650 2150; x_wconf 73' lang='lat' dir='ltr'><strong>Victor</strong></span> <span class='ocrx_word' id='word_1_454' title='bbox 668 2121 801 2156; x_wconf 80' lang='lat' dir='ltr'><strong>discedit,</strong></span> <span class='ocrx_word' id='word_1_455' title='bbox 820 2123 971 2150; x_wconf 82' lang='lat' dir='ltr'><strong>victoriam</strong></span> <span class='ocrx_word' id='word_1_456' title='bbox 993 2121 1028 2150; x_wconf 93' lang='lat' dir='ltr'><strong>ab</strong></span> <span class='ocrx_word' id='word_1_457' title='bbox 1049 2129 1074 2151; x_wconf 89' lang='lat' dir='ltr'><strong>s.</strong></span> <span class='ocrx_word' id='word_1_458' title='bbox 1098 2129 1134 2152; x_wconf 83' lang='lat' dir='ltr'><strong>ex</strong></span> <span class='ocrx_word' id='word_1_459' title='bbox 1154 2123 1190 2151; x_wconf 80' lang='lat' dir='ltr'><strong>iis</strong></span> <span class='ocrx_word' id='word_1_460' title='bbox 1211 2121 1367 2158; x_wconf 82' lang='lat' dir='ltr'><strong>reportat.“</strong></span> <span class='ocrx_word' id='word_1_461' title='bbox 1403 2119 1500 2158; x_wconf 75' lang='lat' dir='ltr'><strong>Wayn.</strong></span> <span class='ocrx_word' id='word_1_462' title='bbox 1542 2122 1586 2152; x_wconf 80' lang='lat' dir='ltr'><strong>Cf,</strong></span> <span class='ocrx_word' id='word_1_463' title='bbox 1610 2123 1687 2152; x_wconf 79' lang='lat' dir='ltr'><strong>[lra-</strong></span> 
     </span>
     <span class='ocr_line' id='line_1_46' title="bbox 396 2132 1688 2196; baseline -0.002 -7"><span class='ocrx_word' id='word_1_464' title='bbox 396 2132 483 2189; x_wconf 53' lang='lat' dir='ltr'><strong>flenb.</strong></span> <span class='ocrx_word' id='word_1_465' title='bbox 514 2158 549 2187; x_wconf 86' lang='lat' dir='ltr'><strong>ad</strong></span> <span class='ocrx_word' id='word_1_466' title='bbox 576 2158 629 2186; x_wconf 87' lang='lat' dir='ltr'><strong>Sil.</strong></span> <span class='ocrx_word' id='word_1_467' title='bbox 649 2157 688 2194; x_wconf 94' lang='lat' dir='ltr'><strong>V,</strong></span> <span class='ocrx_word' id='word_1_468' title='bbox 710 2157 775 2188; x_wconf 82' lang='lat'><strong>271.</strong></span> <span class='ocrx_word' id='word_1_469' title='bbox 806 2161 835 2188; x_wconf 85' lang='lat' dir='ltr'><strong>et</strong></span> <span class='ocrx_word' id='word_1_470' title='bbox 854 2158 946 2188; x_wconf 84' lang='lat' dir='ltr'><strong>Hand.</strong></span> <span class='ocrx_word' id='word_1_471' title='bbox 967 2159 1048 2188; x_wconf 86' lang='lat' dir='ltr'><strong>Turs.</strong></span> <span class='ocrx_word' id='word_1_472' title='bbox 1069 2158 1092 2188; x_wconf 92' lang='lat'><strong>1.</strong></span> <span class='ocrx_word' id='word_1_473' title='bbox 1122 2167 1150 2196; x_wconf 93' lang='lat' dir='ltr'><strong>p.</strong></span> <span class='ocrx_word' id='word_1_474' title='bbox 1175 2160 1209 2190; x_wconf 87' lang='lat'><strong>18</strong></span> <span class='ocrx_word' id='word_1_475' title='bbox 1227 2166 1272 2196; x_wconf 83' lang='lat' dir='ltr'><strong>sq·</strong></span> <span class='ocrx_word' id='word_1_476' title='bbox 1312 2158 1363 2187; x_wconf 88' lang='lat' dir='ltr'><strong>Est</strong></span> <span class='ocrx_word' id='word_1_477' title='bbox 1390 2159 1477 2194; x_wconf 84' lang='lat' dir='ltr'><strong>igitur</strong></span> <span class='ocrx_word' id='word_1_478' title='bbox 1504 2159 1520 2186; x_wconf 91' lang='lat' dir='ltr'><strong>i.</strong></span> <span class='ocrx_word' id='word_1_479' title='bbox 1544 2167 1571 2196; x_wconf 88' lang='lat' dir='ltr'><strong>q.</strong></span> <span class='ocrx_word' id='word_1_480' title='bbox 1594 2161 1688 2189; x_wconf 71' lang='lat' dir='ltr'><strong>victor</strong></span> 
     </span>
     <span class='ocr_line' id='line_1_47' title="bbox 396 2194 1687 2242; baseline 0.001 -16"><span class='ocrx_word' id='word_1_481' title='bbox 396 2195 566 2242; x_wconf 76' lang='lat' dir='ltr'><strong>populorum</strong></span> <span class='ocrx_word' id='word_1_482' title='bbox 586 2194 731 2230; x_wconf 75' lang='lat' dir='ltr'><strong>Aurorae,</strong></span> <span class='ocrx_word' id='word_1_483' title='bbox 759 2203 782 2224; x_wconf 90' lang='lat' dir='ltr'><strong>s.</strong></span> <span class='ocrx_word' id='word_1_484' title='bbox 804 2194 947 2234; x_wconf 77' lang='lat' dir='ltr'><strong>Orientis,</strong></span> <span class='ocrx_word' id='word_1_485' title='bbox 978 2199 1006 2226; x_wconf 89' lang='lat' dir='ltr'><strong>el</strong></span> <span class='ocrx_word' id='word_1_486' title='bbox 1030 2197 1115 2225; x_wconf 90' lang='lat' dir='ltr'><strong>maris</strong></span> <span class='ocrx_word' id='word_1_487' title='bbox 1143 2196 1231 2226; x_wconf 85' lang='lat' dir='ltr'><strong>rubri.</strong></span> <span class='ocrx_word' id='word_1_488' title='bbox 1272 2195 1324 2224; x_wconf 90' lang='lat' dir='ltr'><strong>Pro</strong></span> <span class='ocrx_word' id='word_1_489' title='bbox 1352 2194 1447 2224; x_wconf 76' lang='lat' dir='ltr'><strong>Victor</strong></span> <span class='ocrx_word' id='word_1_490' title='bbox 1466 2195 1627 2226; x_wconf 80' lang='lat' dir='ltr'><strong>Markland.</strong></span> <span class='ocrx_word' id='word_1_491' title='bbox 1649 2197 1687 2227; x_wconf 90' lang='lat' dir='ltr'><strong>ad</strong></span> 
     </span>
     <span class='ocr_line' id='line_1_48' title="bbox 395 2231 1687 2270; baseline 0.001 -7"><span class='ocrx_word' id='word_1_492' title='bbox 395 2236 468 2263; x_wconf 66' lang='lat' dir='ltr'><strong>blut.</strong></span> <span class='ocrx_word' id='word_1_493' title='bbox 489 2232 557 2261; x_wconf 82' lang='lat' dir='ltr'><strong>Silv.</strong></span> <span class='ocrx_word' id='word_1_494' title='bbox 572 2231 607 2268; x_wconf 87' lang='grc'><strong>11,</strong></span> <span class='ocrx_word' id='word_1_495' title='bbox 622 2232 650 2268; x_wconf 89' lang='grc'><strong>6,</strong></span> <span class='ocrx_word' id='word_1_496' title='bbox 670 2231 696 2261; x_wconf 88' lang='grc'><strong>3.</strong></span> <span class='ocrx_word' id='word_1_497' title='bbox 718 2232 783 2261; x_wconf 90' lang='lat' dir='ltr'><strong>sine</strong></span> <span class='ocrx_word' id='word_1_498' title='bbox 803 2232 861 2262; x_wconf 81' lang='lat' dir='ltr'><strong>ulla</strong></span> <span class='ocrx_word' id='word_1_499' title='bbox 882 2240 970 2263; x_wconf 82' lang='lat' dir='ltr'><strong>eausa</strong></span> <span class='ocrx_word' id='word_1_500' title='bbox 991 2235 1064 2264; x_wconf 87' lang='lat' dir='ltr'><strong>coni.</strong></span> <span class='ocrx_word' id='word_1_501' title='bbox 1085 2233 1196 2264; x_wconf 79' lang='lat' dir='ltr'><strong>Ductor</strong></span> <span class='ocrx_word' id='word_1_502' title='bbox 1203 2242 1214 2269; x_wconf 84' lang='lat'><em>;</em></span> <span class='ocrx_word' id='word_1_503' title='bbox 1236 2240 1331 2270; x_wconf 87' lang='lat' dir='ltr'><strong>neque</strong></span> <span class='ocrx_word' id='word_1_504' title='bbox 1355 2234 1445 2269; x_wconf 80' lang='lat' dir='ltr'><strong>magis</strong></span> <span class='ocrx_word' id='word_1_505' title='bbox 1467 2236 1548 2263; x_wconf 81' lang='lat' dir='ltr'><strong>recte</strong></span> <span class='ocrx_word' id='word_1_506' title='bbox 1572 2234 1687 2264; x_wconf 88' lang='lat' dir='ltr'><strong>Schra-</strong></span> 
     </span>
     <span class='ocr_line' id='line_1_49' title="bbox 397 2269 1687 2311; baseline 0 -10"><span class='ocrx_word' id='word_1_507' title='bbox 397 2272 458 2301; x_wconf 88' lang='lat' dir='ltr'><strong>der.</strong></span> <span class='ocrx_word' id='word_1_508' title='bbox 482 2269 520 2299; x_wconf 83' lang='lat' dir='ltr'><strong>ad</strong></span> <span class='ocrx_word' id='word_1_509' title='bbox 540 2269 690 2298; x_wconf 79' lang='lat' dir='ltr'><strong>Musaeum</strong></span> <span class='ocrx_word' id='word_1_510' title='bbox 710 2269 822 2311; x_wconf 49' lang='lat'><strong>92258.</strong></span> <span class='ocrx_word' id='word_1_511' title='bbox 843 2270 935 2300; x_wconf 71' lang='lat' dir='ltr'><strong>victor</strong></span> <span class='ocrx_word' id='word_1_512' title='bbox 956 2272 1098 2309; x_wconf 83' lang='lat' dir='ltr'><strong>explicat:</strong></span> <span class='ocrx_word' id='word_1_513' title='bbox 1132 2272 1235 2309; x_wconf 85' lang='lat' dir='ltr'><strong>„quasi</strong></span> <span class='ocrx_word' id='word_1_514' title='bbox 1256 2271 1364 2304; x_wconf 79' lang='lat' dir='ltr'><strong>victor,</strong></span> <span class='ocrx_word' id='word_1_515' title='bbox 1391 2271 1439 2306; x_wconf 88' lang='lat' dir='ltr'><strong>qui</strong></span> <span class='ocrx_word' id='word_1_516' title='bbox 1463 2270 1549 2299; x_wconf 85' lang='lat' dir='ltr'><strong>talem</strong></span> <span class='ocrx_word' id='word_1_517' title='bbox 1571 2279 1605 2301; x_wconf 91' lang='lat' dir='ltr'><strong>se</strong></span> <span class='ocrx_word' id='word_1_518' title='bbox 1628 2272 1687 2301; x_wconf 77' lang='lat' dir='ltr'><strong>lia-</strong></span> 
     </span>
     <span class='ocr_line' id='line_1_50' title="bbox 396 2304 1687 2345; baseline 0.003 -11"><span class='ocrx_word' id='word_1_519' title='bbox 396 2309 468 2338; x_wconf 64' lang='grc' dir='ltr'><strong>ωηο</strong></span> <span class='ocrx_word' id='word_1_520' title='bbox 494 2305 642 2337; x_wconf 80' lang='lat' dir='ltr'><strong>volebat.“</strong></span> <span class='ocrx_word' id='word_1_521' title='bbox 680 2304 840 2337; x_wconf 76' lang='lat' dir='ltr'><strong>verissime</strong></span> <span class='ocrx_word' id='word_1_522' title='bbox 868 2308 945 2338; x_wconf 88' lang='lat' dir='ltr'><strong>enim</strong></span> <span class='ocrx_word' id='word_1_523' title='bbox 973 2308 1063 2345; x_wconf 78' lang='lat' dir='ltr'><strong>Heyn.</strong></span> <span class='ocrx_word' id='word_1_524' title='bbox 1090 2309 1119 2337; x_wconf 93' lang='lat' dir='ltr'><strong>in</strong></span> <span class='ocrx_word' id='word_1_525' title='bbox 1145 2312 1271 2338; x_wconf 78' lang='lat' dir='ltr'><strong>mentem</strong></span> <span class='ocrx_word' id='word_1_526' title='bbox 1298 2307 1380 2338; x_wconf 88' lang='lat' dir='ltr'><strong>nobis</strong></span> <span class='ocrx_word' id='word_1_527' title='bbox 1409 2310 1526 2337; x_wconf 84' lang='lat' dir='ltr'><strong>revocat</strong></span> <span class='ocrx_word' id='word_1_528' title='bbox 1556 2308 1687 2338; x_wconf 68' lang='lat' dir='ltr'><strong>ventidii</strong></span> 
     </span>
     <span class='ocr_line' id='line_1_51' title="bbox 395 2341 1688 2384; baseline 0 -9"><span class='ocrx_word' id='word_1_529' title='bbox 395 2345 546 2375; x_wconf 74' lang='lat' dir='ltr'><strong>victoriam</strong></span> <span class='ocrx_word' id='word_1_530' title='bbox 575 2351 601 2374; x_wconf 83' lang='lat' dir='ltr'><strong>a.</strong></span> <span class='ocrx_word' id='word_1_531' title='bbox 622 2341 656 2372; x_wconf 91' lang='lat' dir='ltr'><strong>U.</strong></span> <span class='ocrx_word' id='word_1_532' title='bbox 685 2342 718 2372; x_wconf 89' lang='lat' dir='ltr'><strong>C.</strong></span> <span class='ocrx_word' id='word_1_533' title='bbox 738 2343 802 2373; x_wconf 81' lang='lat'><strong>713.</strong></span> <span class='ocrx_word' id='word_1_534' title='bbox 831 2343 868 2375; x_wconf 89' lang='lat' dir='ltr'><strong>de</strong></span> <span class='ocrx_word' id='word_1_535' title='bbox 897 2345 1006 2375; x_wconf 83' lang='lat' dir='ltr'><strong>Parthis</strong></span> <span class='ocrx_word' id='word_1_536' title='bbox 1035 2348 1210 2382; x_wconf 72' lang='lat' dir='ltr'><strong>reportatam</strong></span> <span class='ocrx_word' id='word_1_537' title='bbox 1232 2349 1318 2381; x_wconf 88' lang='lat' dir='ltr'><strong>atque</strong></span> <span class='ocrx_word' id='word_1_538' title='bbox 1341 2343 1509 2379; x_wconf 84' lang='lat' dir='ltr'><strong>Canidium,</strong></span> <span class='ocrx_word' id='word_1_539' title='bbox 1539 2348 1568 2375; x_wconf 85' lang='lat' dir='ltr'><strong>et</strong></span> <span class='ocrx_word' id='word_1_540' title='bbox 1589 2347 1688 2384; x_wconf 75' lang='lat' dir='ltr'><strong>ipsum</strong></span> 
     </span>
     <span class='ocr_line' id='line_1_52' title="bbox 395 2380 1687 2418; baseline 0.001 -6"><span class='ocrx_word' id='word_1_541' title='bbox 395 2383 513 2414; x_wconf 81' lang='lat' dir='ltr'><strong>Antonii</strong></span> <span class='ocrx_word' id='word_1_542' title='bbox 547 2381 575 2411; x_wconf 86' lang='lat' dir='ltr'><strong>le</strong></span> <span class='ocrx_word' id='word_1_543' title='bbox 597 2384 691 2416; x_wconf 81' lang='lat' dir='ltr'><strong>alum,</strong></span> <span class='ocrx_word' id='word_1_544' title='bbox 732 2381 780 2417; x_wconf 87' lang='lat' dir='ltr'><strong>qui</strong></span> <span class='ocrx_word' id='word_1_545' title='bbox 808 2380 944 2411; x_wconf 86' lang='lat' dir='ltr'><strong>Armenia</strong></span> <span class='ocrx_word' id='word_1_546' title='bbox 972 2382 1086 2412; x_wconf 87' lang='lat' dir='ltr'><strong>devicta</strong></span> <span class='ocrx_word' id='word_1_547' title='bbox 1120 2384 1149 2416; x_wconf 76' lang='lat' dir='ltr'><strong>in</strong></span> <span class='ocrx_word' id='word_1_548' title='bbox 1178 2381 1278 2411; x_wconf 86' lang='lat' dir='ltr'><strong>Iberos</strong></span> <span class='ocrx_word' id='word_1_549' title='bbox 1308 2380 1495 2418; x_wconf 80' lang='lat' dir='ltr'><strong>Albanosque</strong></span> <span class='ocrx_word' id='word_1_550' title='bbox 1523 2385 1687 2414; x_wconf 83' lang='lat' dir='ltr'><strong>exercitum</strong></span> 
     </span>
     <span class='ocr_line' id='line_1_53' title="bbox 397 2416 1687 2456; baseline -0.001 -5"><span class='ocrx_word' id='word_1_551' title='bbox 397 2421 511 2450; x_wconf 78' lang='lat' dir='ltr'><strong>duxerit</strong></span> <span class='ocrx_word' id='word_1_552' title='bbox 531 2426 555 2448; x_wconf 91' lang='lat' dir='ltr'><strong>a.</strong></span> <span class='ocrx_word' id='word_1_553' title='bbox 595 2416 613 2447; x_wconf 77' lang='lat'><strong>¹.</strong></span> <span class='ocrx_word' id='word_1_554' title='bbox 636 2417 667 2446; x_wconf 89' lang='lat' dir='ltr'><strong>C.</strong></span> <span class='ocrx_word' id='word_1_555' title='bbox 687 2418 763 2453; x_wconf 67' lang='lat'><strong>716„</strong></span> <span class='ocrx_word' id='word_1_556' title='bbox 786 2417 1000 2456; x_wconf 87' lang='lat' dir='ltr'><strong>Antoniumque</strong></span> <span class='ocrx_word' id='word_1_557' title='bbox 1021 2420 1131 2456; x_wconf 85' lang='lat' dir='ltr'><strong>ipsum,</strong></span> <span class='ocrx_word' id='word_1_558' title='bbox 1159 2420 1208 2456; x_wconf 90' lang='lat' dir='ltr'><strong>qui</strong></span> <span class='ocrx_word' id='word_1_559' title='bbox 1232 2419 1391 2448; x_wconf 81' lang='lat' dir='ltr'><strong>Artavasde</strong></span> <span class='ocrx_word' id='word_1_560' title='bbox 1413 2423 1496 2455; x_wconf 86' lang='lat' dir='ltr'><strong>capto</strong></span> <span class='ocrx_word' id='word_1_561' title='bbox 1517 2421 1687 2451; x_wconf 82' lang='lat' dir='ltr'><strong>Armeniam</strong></span> 
     </span>
     <span class='ocr_line' id='line_1_54' title="bbox 395 2454 1687 2494; baseline 0 -7"><span class='ocrx_word' id='word_1_562' title='bbox 395 2457 583 2494; x_wconf 83' lang='lat' dir='ltr'><strong>occupaverit</strong></span> <span class='ocrx_word' id='word_1_563' title='bbox 611 2463 637 2485; x_wconf 85' lang='lat' dir='ltr'><strong>a.</strong></span> <span class='ocrx_word' id='word_1_564' title='bbox 658 2454 691 2485; x_wconf 92' lang='lat' dir='ltr'><strong>U.</strong></span> <span class='ocrx_word' id='word_1_565' title='bbox 715 2454 745 2483; x_wconf 81' lang='lat' dir='ltr'><strong>C.</strong></span> <span class='ocrx_word' id='word_1_566' title='bbox 766 2455 829 2485; x_wconf 84' lang='lat'><strong>718.</strong></span> <span class='ocrx_word' id='word_1_567' title='bbox 871 2455 913 2484; x_wconf 80' lang='lat' dir='ltr'><strong>Cf.</strong></span> <span class='ocrx_word' id='word_1_568' title='bbox 940 2457 1080 2494; x_wconf 87' lang='lat' dir='ltr'><strong>imprimis</strong></span> <span class='ocrx_word' id='word_1_569' title='bbox 1107 2457 1162 2486; x_wconf 90' lang='lat' dir='ltr'><strong>Dio</strong></span> <span class='ocrx_word' id='word_1_570' title='bbox 1190 2456 1271 2486; x_wconf 81' lang='lat' dir='ltr'><strong>Cass.</strong></span> <span class='ocrx_word' id='word_1_571' title='bbox 1292 2455 1331 2492; x_wconf 87' lang='lat' dir='ltr'><strong>L,</strong></span> <span class='ocrx_word' id='word_1_572' title='bbox 1353 2455 1399 2493; x_wconf 87' lang='grc'><strong>6.,</strong></span> <span class='ocrx_word' id='word_1_573' title='bbox 1428 2456 1476 2491; x_wconf 89' lang='lat' dir='ltr'><strong>qui</strong></span> <span class='ocrx_word' id='word_1_574' title='bbox 1498 2464 1601 2487; x_wconf 90' lang='lat' dir='ltr'><strong>omnes</strong></span> <span class='ocrx_word' id='word_1_575' title='bbox 1623 2459 1687 2489; x_wconf 81' lang='lat' dir='ltr'><strong>sere</strong></span> 
     </span>
     <span class='ocr_line' id='line_1_55' title="bbox 395 2491 1687 2532; baseline 0 -7"><span class='ocrx_word' id='word_1_576' title='bbox 395 2502 483 2532; x_wconf 81' lang='lat' dir='ltr'><strong>reges</strong></span> <span class='ocrx_word' id='word_1_577' title='bbox 508 2493 652 2528; x_wconf 78' lang='lat' dir='ltr'><strong>Orientis,</strong></span> <span class='ocrx_word' id='word_1_578' title='bbox 682 2493 809 2523; x_wconf 74' lang='lat' dir='ltr'><strong>Romano</strong></span> <span class='ocrx_word' id='word_1_579' title='bbox 835 2493 958 2529; x_wconf 88' lang='lat' dir='ltr'><strong>imperio</strong></span> <span class='ocrx_word' id='word_1_580' title='bbox 978 2494 1108 2530; x_wconf 88' lang='lat' dir='ltr'><strong>vicinos,</strong></span> <span class='ocrx_word' id='word_1_581' title='bbox 1138 2494 1261 2523; x_wconf 84' lang='lat' dir='ltr'><strong>Antonio</strong></span> <span class='ocrx_word' id='word_1_582' title='bbox 1290 2494 1389 2522; x_wconf 86' lang='lat' dir='ltr'><strong>socios</strong></span> <span class='ocrx_word' id='word_1_583' title='bbox 1415 2491 1545 2523; x_wconf 81' lang='lat' dir='ltr'><strong>adfuisse</strong></span> <span class='ocrx_word' id='word_1_584' title='bbox 1575 2501 1687 2532; x_wconf 85' lang='lat' dir='ltr'><strong>narrat;</strong></span> 
     </span>
     <span class='ocr_line' id='line_1_56' title="bbox 396 2528 1687 2570; baseline 0.001 -9"><span class='ocrx_word' id='word_1_585' title='bbox 396 2538 486 2570; x_wconf 82' lang='lat' dir='ltr'><strong>quare</strong></span> <span class='ocrx_word' id='word_1_586' title='bbox 507 2531 579 2560; x_wconf 82' lang='lat' dir='ltr'><strong>inl‘ra</strong></span> <span class='ocrx_word' id='word_1_587' title='bbox 607 2538 633 2559; x_wconf 88' lang='lat' dir='ltr'><strong>v.</strong></span> <span class='ocrx_word' id='word_1_588' title='bbox 653 2530 719 2560; x_wconf 77' lang='lat'><strong>705.</strong></span> <span class='ocrx_word' id='word_1_589' title='bbox 750 2528 814 2558; x_wconf 85' lang='lat' dir='ltr'><strong>Indi</strong></span> <span class='ocrx_word' id='word_1_590' title='bbox 834 2529 910 2559; x_wconf 80' lang='lat' dir='ltr'><strong>adeo</strong></span> <span class='ocrx_word' id='word_1_591' title='bbox 932 2533 961 2560; x_wconf 88' lang='lat' dir='ltr'><strong>et</strong></span> <span class='ocrx_word' id='word_1_592' title='bbox 979 2530 1092 2560; x_wconf 89' lang='lat' dir='ltr'><strong>Arabes</strong></span> <span class='ocrx_word' id='word_1_593' title='bbox 1112 2533 1380 2561; x_wconf 79' lang='lat' dir='ltr'><strong>commemorantur.</strong></span> <span class='ocrx_word' id='word_1_594' title='bbox 1400 2544 1436 2550; x_wconf 86' lang='lat'>-</span> <span class='ocrx_word' id='word_1_595' title='bbox 1461 2528 1494 2560; x_wconf 84' lang='lat' dir='ltr'><strong>Ut</strong></span> <span class='ocrx_word' id='word_1_596' title='bbox 1515 2531 1563 2560; x_wconf 77' lang='lat' dir='ltr'><strong>liic</strong></span> <span class='ocrx_word' id='word_1_597' title='bbox 1583 2531 1687 2569; x_wconf 76' lang='lat' dir='ltr'><strong>Virgi-</strong></span> 
     </span>
     <span class='ocr_line' id='line_1_57' title="bbox 395 2566 1685 2605; baseline 0 -5"><span class='ocrx_word' id='word_1_598' title='bbox 395 2570 453 2600; x_wconf 88' lang='lat' dir='ltr'><strong>lius</strong></span> <span class='ocrx_word' id='word_1_599' title='bbox 473 2568 622 2604; x_wconf 79' lang='lat' dir='ltr'><strong>coniungit</strong></span> <span class='ocrx_word' id='word_1_600' title='bbox 638 2567 775 2597; x_wconf 76' lang='lat' dir='ltr'><strong>Aurorae</strong></span> <span class='ocrx_word' id='word_1_601' title='bbox 794 2566 921 2605; x_wconf 75' lang='lat' dir='ltr'><strong>populos</strong></span> <span class='ocrx_word' id='word_1_602' title='bbox 940 2570 970 2598; x_wconf 79' lang='lat' dir='ltr'><strong>et</strong></span> <span class='ocrx_word' id='word_1_603' title='bbox 989 2567 1056 2598; x_wconf 74' lang='lat' dir='ltr'><strong>litus</strong></span> <span class='ocrx_word' id='word_1_604' title='bbox 1075 2569 1109 2604; x_wconf 71' lang='lat' dir='ltr'><strong>ti.</strong></span> <span class='ocrx_word' id='word_1_605' title='bbox 1132 2576 1160 2600; x_wconf 87' lang='lat' dir='ltr'><strong>e.</strong></span> <span class='ocrx_word' id='word_1_606' title='bbox 1184 2569 1277 2605; x_wconf 85' lang='lat' dir='ltr'><strong>mare)</strong></span> <span class='ocrx_word' id='word_1_607' title='bbox 1305 2566 1443 2602; x_wconf 76' lang='lat' dir='ltr'><strong>rubmm,</strong></span> <span class='ocrx_word' id='word_1_608' title='bbox 1475 2567 1515 2597; x_wconf 76' lang='lat' dir='ltr'><strong>ita</strong></span> <span class='ocrx_word' id='word_1_609' title='bbox 1533 2567 1604 2598; x_wconf 80' lang='lat' dir='ltr'><strong>Hor.</strong></span> <span class='ocrx_word' id='word_1_610' title='bbox 1629 2571 1685 2601; x_wconf 80' lang='lat' dir='ltr'><strong>od.</strong></span> 
     </span>
    </p>
   </div>
  </div>
 </body>
</html>
