1998 3076
416 321 488 360 176
793 356 798 359 .
846 325 880 358 Ρ.
904 323 1064 358 vinnm!
1088 323 1267 359 MARONts

414 418 475 451 Per
498 418 626 451 tacitum
650 415 785 458 Ganges,
811 418 864 449 aut
885 417 994 459 pingui
1019 415 1146 449 flumine
1170 416 1259 449 Nilus

415 464 491 498 Cum
516 464 621 497 refluit
644 464 782 505 campis,
815 465 848 495 et
870 464 933 495 iam
958 470 994 495 se
1018 462 1161 495 condidit
1184 462 1287 496 alveo.

412 510 472 544 Hic
496 510 631 543 subitam
654 511 746 550 nigro
775 508 943 549 glomerari
966 508 1098 550 pulvere
1123 508 1239 541 nubem

413 556 614 599 Prospiciunt
636 555 761 596 Teucri,
787 564 825 588 ac
848 554 997 587 tenebras
1020 556 1184 596 insurgere
1209 556 1340 597 campis.

403 603 533 636 Primus
557 602 596 634 ab
621 601 757 635 adversa
780 601 955 634 conclamat
978 600 1060 633 mole
1085 600 1215 634 Caicus:
1464 610 1467 614 ·
1660 598 1701 635 35

414 648 491 688 Quis
515 648 639 690 globus,
665 657 682 680 o
708 649 807 688 cives,
835 647 970 689 caligine
992 647 1131 679 volvitur
1155 646 1250 680 atra?

411 695 506 728 Ferte
530 696 586 727 citi
610 694 738 735 ferrum,
764 693 837 727 date
861 694 932 735 tela,
958 692 1146 726 adscendite
1168 693 1292 726 muros!

413 838 538 868 cundum
548 836 654 866 Melam
676 834 719 873 [iu
738 842 796 873 quo
817 837 913 865 tamen
934 835 1016 865 locus
1039 835 1128 867 hodie
1147 844 1204 866 non
1224 838 1326 873 exstat,
1346 837 1402 866 nisi
1421 835 1495 868 sorte
1515 836 1566 875 ΠΙ,
1577 839 1608 869 7.
1629 839 1700 870 med.

410 876 449 906 de
469 877 526 906 situ
550 874 629 904 orbis
646 874 721 904 male
736 872 914 903 intellectum
930 872 1033 903 Servio
1049 872 1189 903 dicamus.
1206 873 1311 910 Raida]
1331 876 1448 911 septem.
1485 875 1587 906 Plures
1607 878 1701 914 magni

411 921 512 943 amnes
531 913 561 942 in
581 920 647 942 euin
675 910 820 947 feruntur,
849 918 923 948 quos
949 915 1089 948 septenos
1118 919 1238 941 numero
1266 911 1381 942 tradere
1409 915 1566 949 potuerunt
1595 917 1627 944 et
1651 922 1700 952 pro

411 951 504 982 alveis
522 948 666 980 habere.“
687 947 721 978 H.
762 947 805 977 Cr.
825 947 965 978 Mannert.
989 947 1094 986 Geoqr.
1123 948 1151 978 d.
1174 948 1225 978 Gr.
1246 957 1275 978 u.
1296 949 1330 979 R.
1350 948 1392 986 V,
1418 951 1443 980 1.
1472 958 1499 987 p.
1520 951 1558 982 66
1576 959 1643 989 sqq.
1672 956 1701 983 et

411 988 487 1019 liber
506 996 589 1018 meus
609 986 719 1016 nanda.
741 986 769 1015 d.
789 986 838 1014 aee.
861 984 966 1023 Geoqr.
985 985 1021 1015 11.
1051 994 1081 1023 p.
1101 986 1148 1017 62.
1169 985 1296 1024 Suryere
1315 987 1402 1023 igitur
1421 987 1470 1017 liic
1490 994 1548 1017 non
1565 992 1615 1019 est
1633 990 1700 1026 „in-

391 1033 546 1056 .crescere
566 1025 649 1062 aquis
669 1025 762 1053 auctis
782 1024 793 1057 (
819 1030 872 1052 uos
888 1025 971 1053 statis
991 1024 1169 1061 temporibus
1189 1026 1218 1053 in
1239 1024 1339 1062 Gange
1363 1023 1435 1061 lieri,
1455 1027 1488 1054 ut
1505 1026 1535 1054 in
1555 1025 1624 1056 Nilo
1636 1027 1701 1057 Vir-

409 1064 496 1108 gilius
517 1071 588 1092 acce
611 1061 718 1098 erat),“
741 1064 772 1090 ut
818 1068 893 1098 eyn„
914 1061 971 1090 sibi
998 1062 1063 1098 ipse
1085 1069 1141 1090 non
1162 1065 1305 1098 constans,
1326 1062 1546 1100 interpretatur,
1562 1063 1618 1094 sod
1639 1063 1700 1096 sere

409 1109 430 1131 ι.
451 1109 480 1139 q.
501 1101 570 1130 oriri
606 1098 642 1128 οῖ.
666 1107 694 1129 v.
716 1106 742 1128 c.
766 1097 865 1128 Claud.
888 1096 974 1128 Cous.
987 1098 1060 1128 Hon.
1074 1098 1137 1129 129.
1160 1098 1299 1136 Hesperio
1321 1100 1357 1129 de
1375 1099 1460 1128 limite
1480 1099 1575 1138 surgit
1591 1102 1700 1139 θήρα),

408 1146 584 1205 Ηυαωῳιαιιι
610 1144 668 1167 non
695 1143 788 1173 nego,
819 1136 918 1165 inesse
944 1136 1031 1165 simul
1058 1137 1204 1166 notionem
1237 1140 1340 1167 auctae
1359 1137 1507 1174 paullatim
1527 1146 1581 1175 per
1622 1139 1700 1170 lures

430 1177 512 1205 uvios
534 1183 567 1205 se
591 1175 801 1210 coniungentes
822 1174 927 1209 copiae
948 1181 1095 1210 aquarum,
1107 1174 1193 1203 modo
1211 1182 1246 1204 ne
1269 1175 1381 1211 cogites
1404 1174 1441 1204 de
1463 1182 1558 1205 annuo
1577 1177 1601 1206 il
1614 1184 1631 1205 o
1651 1177 1699 1207 in-

409 1216 557 1243 cremento
581 1215 611 1242 et
632 1212 748 1241 alluvie.
769 1226 807 1232 -
844 1211 891 1242 31.
912 1218 981 1247 per
1000 1211 1170 1243 tacitum,
1192 1212 1211 1240 i.
1233 1219 1259 1242 e.
1283 1213 1387 1248 tacite;
1413 1215 1443 1242 ut
1466 1212 1537 1242 alibi
1556 1221 1612 1251 per
1631 1214 1699 1244 lon-

407 1249 708 1324 {slff’ssl‘ssssssssssissssll’
721 1248 1243 1321 ''ilfoefilffillas'swli{}2;⁰¹'¹0'¹2¹¹'15131‘.
1256 1249 1475 1316 ³ssl⁶sif³3<⁰6⁵
1496 1249 1555 1319 {1²⁵
1567 1253 1700 1324 ’ῗέῗῖ

407 1323 504 1354 Burin.
527 1324 616 1360 laud.)
638 1323 704 1352 coll.
726 1331 789 1352 cum
812 1323 856 1358 iis,
878 1330 954 1359 quae
974 1323 1051 1353 idem
1074 1322 1122 1352 Vir
1144 1323 1220 1353 doct.
1244 1323 1279 1353 ad
1303 1323 1363 1353 Liv.
1385 1309 1472 1360 XXX,’
1484 1325 1530 1363 29,
1550 1326 1578 1357 3.
1614 1327 1697 1357 Heu-

406 1363 481 1399 sing.
506 1362 540 1391 ad
564 1360 625 1390 Cic.
647 1360 699 1389 Off.
723 1360 745 1397 l,
767 1360 813 1392 37,
835 1360 878 1390 13.
919 1360 1006 1390 Kritz.
1028 1361 1064 1390 ad
1083 1361 1151 1390 Sall.
1174 1360 1235 1390 Cat.
1256 1361 1303 1396 20,
1324 1362 1352 1392 2.
1381 1361 1514 1391 Ruddim.
1532 1363 1571 1392 u.
1594 1372 1623 1401 p.
1633 1364 1696 1395 265.

406 1400 457 1430 aiii
479 1399 657 1429 adnotarunt.
697 1398 747 1428 Sic
766 1405 820 1434 per
840 1398 955 1426 tacitum
974 1399 1060 1428 etiarn
1081 1405 1128 1435 ap.
1149 1399 1201 1428 sil.
1224 1398 1256 1433 X,
1278 1399 1342 1429 354.
1363 1398 1430 1436 Xll,
1451 1400 1517 1430 553.
1542 1404 1572 1430 et
1590 1402 1695 1432 senec.

406 1437 523 1474 Thyest.
543 1436 608 1466 397.
648 1434 770 1465 Omnino
787 1438 883 1465 aulem
895 1435 1129 1472 Praepositiones
1144 1435 1210 1471 (ez,
1231 1436 1275 1473 de,
1293 1444 1359 1473 pro,
1377 1444 1440 1473 per,
1460 1438 1490 1465 in
1511 1439 1598 1475 cett.)
1612 1439 1695 1469 Neu-

406 1475 457 1505 tris
487 1474 701 1504 Adiectivorum
728 1472 776 1503 vel
797 1472 992 1502 Substantivis
1023 1472 1154 1503 adiectas
1182 1481 1272 1509 saepe
1296 1475 1437 1504 inservire
1456 1475 1615 1506 Adverbiis
1635 1477 1695 1505 cir-

404 1510 650 1546 cumscribendis,
681 1516 727 1540 rcs
758 1513 803 1540 est
829 1510 962 1539 omnibus
983 1513 1059 1540 nota.
1099 1510 1143 1540 Cl'.
1171 1515 1287 1548 praeter
1314 1511 1396 1541 Viros
1416 1511 1518 1542 doctos
1538 1513 1596 1543 iarn
1617 1514 1692 1544 laud.

406 1549 529 1580 Gronov.
551 1548 668 1584 ad‚l.iv.
689 1546 748 1584 111,
767 1548 802 1585 8,
822 1548 849 1578 9.
890 1547 977 1577 Drak.
1001 1548 1038 1577 ad
1065 1548 1159 1578 eiusd.
1181 1548 1211 1584 1,
1232 1549 1266 1583 9,
1289 1549 1332 1580 10.
1365 1552 1395 1579 et
1413 1549 1459 1584 Vl,
1479 1550 1527 1587 33,
1547 1551 1576 1581 7.
1617 1551 1692 1585 Cort.

405 1586 441 1617 ad
463 1587 568 1616 Lucan.
590 1584 612 1622 1,
632 1586 679 1617 89.
721 1585 829 1615 walch.
851 1584 993 1616 Emendd.
1013 1584 1094 1615 Livv.
1114 1594 1141 1623 p.
1161 1586 1223 1616 163.
1243 1585 1353 1616 Hertel.
1373 1586 1408 1615 ad
1429 1586 1496 1617 Tac.
1518 1590 1587 1624 Agr.
1611 1597 1636 1618 c.
1649 1591 1692 1620 15.

404 1632 433 1662 p.
454 1624 518 1655 219.
560 1623 647 1653 Kritz.
672 1623 707 1653 ad
726 1623 796 1652 Sall.
818 1622 880 1652 Cat.
901 1624 929 1658 7,
948 1623 976 1653 3.
1000 1626 1029 1652 et
1050 1622 1112 1660 lug.
1138 1624 1186 1660 14,
1210 1625 1254 1654 11.
1285 1628 1314 1653 et
1334 1632 1399 1654 mea
1420 1625 1456 1653 ad
1475 1624 1560 1654 Lucr.
1583 1625 1607 1663 1,
1627 1626 1690 1657 412.

403 1661 467 1697 (ubi
489 1662 576 1692 etiam
596 1662 729 1692 invenies
743 1661 998 1691 Grammaticorum
1018 1661 1100 1691 locos
1120 1660 1178 1690 huc
1199 1660 1365 1698 facientes.)
1380 1678 1418 1683 —
1438 1661 1481 1692 De
1500 1662 1590 1693 Nilo
1611 1665 1693 1694 eius-

426 1707 463 1730 ne
486 1699 681 1729 exundatione
703 1706 797 1728 annua
816 1697 853 1727 cs.
874 1697 947 1728 liber
968 1706 1049 1728 meus
1071 1699 1156 1728 modo
1178 1706 1280 1728 comm.
1301 1697 1339 1728 11.
1366 1707 1395 1737 p.
1415 1700 1480 1730 769.
1501 1716 1539 1722 -
1564 1701 1630 1738 pin
1657 1702 1693 1731 ui

424 1737 573 1766 lumine.
613 1736 713 1773 Wagn.
745 1739 892 1772 comparat
918 1736 1037 1773 Dionys.
1067 1736 1179 1773 Perieg.
1200 1737 1277 1774 227„
1305 1737 1355 1766 uhi
1375 1736 1455 1767 Nilus
1477 1737 1585 1768 dicitur
1605 1738 1623 1767 i·
1646 1750 1693 1767 an

400 1776 565 1803 πιαίνων
586 1774 715 1810 λιπαρὸν
733 1774 828 1801 πέδον
847 1772 1020 1811 Αἰγύπτοιο,
1050 1774 1090 1803 ita
1113 1778 1143 1803 ut
1159 1775 1264 1811 pinque
1282 1772 1390 1810 flumen
1410 1776 1438 1804 ei
1459 1782 1527 1805 esse
1548 1776 1690 1814 videatur,

400 1812 478 1850 quod
500 1820 584 1848 agros
602 1812 727 1848 pingues
747 1810 853 1840 reddit.
894 1810 1036 1847 Equidem
1060 1811 1154 1841 malim
1175 1813 1371 1848 interpretari;
1400 1812 1506 1848 pingue
1525 1812 1639 1851 fluens,
1661 1818 1693 1844 ut

399 1849 503 1878 limosa
524 1852 554 1879 et
572 1849 656 1886 quasi
677 1848 791 1885 pinguis
814 1856 908 1884 aquae
928 1852 1028 1878 natura
1055 1848 1187 1886 epitheto
1214 1848 1402 1886 significetur.
1443 1850 1523 1879 ldem
1545 1851 1594 1881 Vir
1615 1852 1690 1882 doci.

400 1890 480 1916 recte
494 1886 613 1915 Comma
632 1885 718 1922 vulgo
732 1888 798 1922 post
811 1883 894 1914 Nilus
914 1886 1039 1923 positum
1060 1886 1184 1923 sustulit,
1208 1894 1296 1923 quum
1313 1887 1384 1916 ordo
1399 1887 1552 1917 verborum
1567 1888 1617 1918 hic
1636 1891 1690 1919 sit:

401 1922 460 1953 Ceu
469 1922 585 1961 Ganqes
605 1922 676 1958 (it),
697 1924 749 1951 aul
767 1930 852 1959 quum
867 1922 950 1952 Nilus
967 1921 1071 1959 refluit.
1096 1922 1231 1953 Ceterum
1253 1923 1289 1954 cf.
1310 1924 1418 1954 adnott.
1441 1923 1477 1954 ad
1499 1924 1573 1957 Geo.
1587 1926 1611 1963 1,
1624 1927 1689 1958 303.

399 1975 434 1983 -
454 1961 500 1992 32.
528 1957 671 1998 refluit
695 1960 842 1997 campis
860 1967 912 1997 pro
935 1968 972 1990 ex
993 1961 1112 1997 campis.
1152 1961 1234 1991 Solet
1253 1962 1329 1991 enim
1350 1961 1485 1998 Virgilius
1505 1963 1603 1993 verbis
1626 1972 1711 1994 cum·

397 1997 534 2036 Praepos.
565 2005 601 2027 re
627 1998 796 2035 compositis
822 1998 875 2027 sim
899 1997 984 2027 licem
1012 1998 1175 2027 Ablativum
1204 1998 1372 2035 adiungere.
1414 1999 1457 2028 Cf.
1478 2000 1585 2030 adnott.
1608 2002 1645 2031 ad
1666 2003 1688 2039 l,

396 2036 462 2067 358.
483 2038 513 2065 ct
531 2034 577 2073 lv,
600 2035 664 2066 244.
686 2039 716 2065 et
736 2034 773 2065 de
795 2036 860 2073 ipsa
898 2043 978 2064 orum
1009 2036 1163 2065 verborum
1189 2036 1409 2073 significatione-
1424 2037 1531 2067 adnott.
1554 2038 1590 2068 ad
1613 2039 1688 2072 Geo.

396 2073 418 2109 1,
439 2073 504 2104 249.
545 2072 638 2103 Codd.
665 2071 760 2109 Bigot.
789 2076 818 2103 et
844 2072 928 2103 Goth.
961 2073 1049 2110 ripis,
1080 2073 1158 2110 quod
1181 2073 1292 2104 Peerlk.
1319 2073 1541 2110 praeterendum
1574 2080 1685 2114 censet,

396 2118 493 2154 quum,
507 2112 531 2140 si
555 2111 665 2154 eampis
681 2113 889 2154 verum-esset,
901 2109 1036 2147 Virgilius
1058 2112 1155 2147 potius
1173 2112 1353 2148 scripsisset:
1378 2111 1469 2145 Ouum
1487 2110 1585 2148 refluit
1604 2122 1687 2143 cam-

391 2155 689 2228 lyessa-2222&
706 2148 937 2216 iss'ldi‘ssiu‘ssffss?
948 2148 1006 2222 132³*
1022 2156 1093 2216 {251⁶
1102 2149 1472 2223 l513?;1..¹¹⁴'1¹2¹221'5¹21¹*.¹l{33
1493 2154 1687 2226 22:¹¹3&ssss

395 2222 480 2252 redut
509 2224 539 2252 et
562 2225 636 2251 intra
665 2230 717 2253 eas
744 2222 838 2253 iluit.“
876 2222 915 2253 Se
964 2226 1023 2253 tum
1054 2223 1189 2260 languida
1218 2224 1282 2252 loco
1305 2225 1415 2254 inesset
1444 2224 1625 2262 tautologia;
1656 2228 1685 2256 in

393 2258 552 2290 Praesente
572 2263 669 2289 autem
688 2267 744 2289 non
768 2260 947 2291 haerendum
967 2269 1046 2297 esse,
1068 2261 1175 2291 docent
1197 2260 1274 2290 multi
1296 2261 1353 2290 loci
1374 2262 1495 2291 similes.
1517 2263 1560 2292 (11.
1575 2263 1683 2295 adnott.

393 2297 430 2327 ad
444 2297 517 2327 Geo.
532 2296 583 2331 lll,
596 2296 661 2327 228.
682 2297 1116 2334 Aen.11,465.482.111,3.etc.
1126 2315 1162 2321 ·-
1175 2306 1216 2328 se
1238 2298 1415 2328 condidit
1431 2300 1557 2330 alveo.
1582 2300 1626 2330 Cr.
1639 2303 1685 2331 si-

391 2334 468 2364 milis
491 2334 574 2363 locus
595 2333 703 2363 Lucani
723 2333 755 2372 X,
777 2335 854 2370 311„
879 2336 929 2372 qui
952 2335 988 2365 de
1010 2336 1116 2366 eodem
1137 2335 1217 2365 Nilo:
1243 2335 1360 2365 Rursus
1380 2335 1537 2373 mttltifidas
1562 2341 1685 2369 revocat

387 2372 470 2410 piqer
492 2371 595 2401 aeveus
613 2371 719 2401 undas.
740 2388 776 2394 --
815 2372 862 2402 35.
886 2371 929 2401 ab
949 2373 1125 2402 adversa
1145 2374 1249 2409 mole,
1270 2380 1287 2402 a
1306 2375 1376 2402 turri
1397 2375 1425 2402 in
1447 2376 1548 2404 castris
1569 2383 1593 2405 s.
1616 2385 1685 2406 mu-

391 2410 525 2440 nimentis
556 2408 742 2439 Troianorum
774 2408 845 2444 (vid.
875 2410 994 2446 v.13.),
1023 2410 1132 2440 Latinis
1160 2410 1455 2448 adpropinquantibus
1482 2413 1617 2443 adversa.
1647 2429 1683 2437 --

391 2446 501 2476 Caici
518 2454 625 2476 nomen
646 2454 663 2476 a
683 2446 793 2483 Mysiae
814 2446 900 2475 fluvio
922 2446 973 2481 (de
995 2454 1053 2484 quo
1073 2448 1130 2477 vid.
1154 2449 1190 2477 ad
1213 2448 1326 2485 θεαί,
1349 2449 1429 2485 370.)
1452 2450 1540 2480 etiam
1560 2458 1608 2488 ap.
1628 2451 1681 2481 Si-

389 2484 457 2513 lium
480 2485 500 2520 l,
521 2484 586 2515 306.
611 2486 641 2514 et
658 2483 719 2513 Val.
741 2483 782 2513 Fl.
798 2483 841 2519 Vl,
856 2484 921 2515 688.
940 2484 975 2513 ad
997 2484 1129 2515 homines
1154 2486 1319 2515 translatum
1341 2486 1484 2517 videmus.
1526 2488 1568 2517 Cf.
1594 2491 1681 2519 etiam

387 2521 497 2551 adnott.
519 2521 556 2551 ad
575 2520 636 2557 vn,
657 2523 722 2553 745.
748 2537 787 2543 --
807 2520 878 2550 Cum
897 2529 923 2550 v.
944 2521 991 2551 37.
1020 2521 1055 2551 cl.
1076 2523 1240 2552 simillimus
1261 2523 1342 2553 locus
1359 2523 1403 2559 lv,
1423 2525 1499 2560 594„
1522 2527 1571 2562 qui
1593 2528 1682 2557 etiam

386 2557 494 2602 effecit,
513 2562 544 2588 ut
565 2566 629 2588 cum
644 2559 745 2602 Wagn.
763 2557 985 2597 praeferendam
1013 2567 1164 2590 censerem
1185 2560 1262 2591 Med.
1286 2560 1360 2591 Gud.
1381 2561 1563 2600 aliorumque
1585 2564 1681 2594 Codd.

385 2596 542 2627 lectionem
561 2596 737 2627 aei-scenam.
777 2597 869 2635 Vulgo
888 2599 982 2635 enim,
1003 2596 1100 2627 fractis
1119 2599 1256 2635 numeris,
1276 2598 1345 2628 date
1366 2599 1431 2636 tela,
1453 2601 1601 2639 scandite,
1632 2604 1680 2632 cui
