1998 3076
351 357 401 395 1⁰
777 358 812 393 Ρ.
835 355 995 392 vincam
1018 353 1196 390 mnonls

354 453 451 487 Multa
475 452 577 486 modis
601 452 769 486 simulacra
792 449 883 484 videt
902 449 1069 483 volitantia
1090 448 1189 488 miris,

352 500 393 534 Et
416 500 522 533 varias
547 498 634 533 audit
657 507 774 539 voces,
798 497 977 539 fruiturque
999 494 1130 528 deorum
1590 483 1629 520 90

354 545 538 588 colloquio,
562 547 659 587 atque
683 546 755 578 imis
779 543 960 577 Acheronta
984 541 1094 575 affatur
1114 539 1260 579 Avernis.

352 591 414 625 liic
438 594 471 625 et
494 594 558 625 tum
582 593 674 634 pater
697 593 768 634 ipso
792 592 906 632 petens
930 595 1086 630 responsa
1108 585 1235 620 Latinus

355 638 486 671 Centum
510 638 667 680 lanigeras
691 636 849 671 mactabat
870 636 933 668 rite
956 633 1106 674 bidentis,

353 684 458 726 Atque
482 684 591 716 harum
615 683 740 717 effultus
764 685 853 725 tergo
876 682 1048 722 stratisque
1071 678 1198 712 iacebat

352 730 548 771 Velleribus;
572 729 677 763 subita
702 739 743 763 ex
766 729 829 762 alto
854 736 918 772 vfox
941 725 1066 760 reddita
1089 725 1160 758 luco
1184 724 1252 757 est:
1395 754 1406 764 ,
1591 714 1630 751 95

352 776 401 809 Ne
425 778 501 818 pete
525 775 680 809 connubis
703 777 807 809 natam
832 775 958 807 sociare
981 772 1110 813 Latinis,

356 821 383 856 Ο
408 831 477 855 mea
502 824 683 864 progenies,
707 821 853 856 thalamis
874 829 938 854 neu
962 817 1059 852 crede
1082 817 1216 860 paratis3

354 867 487 901 Externi
509 869 640 901 veniunt
662 869 788 909 generi,
815 866 869 909 qul
889 867 1044 907 sanguine
1067 865 1208 897 nostrum

352 913 475 947 Nomen
499 916 531 947 in
557 916 642 947 astra
665 913 787 954 ferant,
821 920 1019 956 quorumque
1042 910 1083 944 ab
1107 911 1206 952 stirpe
1229 907 1364 950 nepotes

355 959 468 994 Omnia
491 958 549 993 sub
573 959 727 1002 pedibus,
753 968 814 1002 qua
839 959 893 993 Sol
918 960 1085 999 utrumque
1108 963 1275 989 recurrens
1573 946 1634 984 100

354 1095 420 1125 Vid.
442 1096 477 1125 ad
500 1096 533 1130 V,
553 1096 617 1127 101.
637 1108 675 1116 -
712 1093 746 1123 V.
766 1093 814 1124 89.
838 1101 874 1124 ex
893 1092 978 1123 Lucr.
1001 1092 1048 1128 lv,
1069 1091 1133 1122 126.
1156 1088 1315 1127 translatus,
1335 1086 1384 1117 ubi
1403 1086 1542 1123 legimus:
1562 1092 1634 1114 uos-

356 1141 411 1163 cas
432 1141 532 1162 renim
562 1132 724 1161 simulacra
749 1138 861 1167 vayare
879 1131 970 1160 Multa
989 1129 1086 1160 modis
1103 1128 1209 1158 multis.
1249 1125 1293 1157 Cl'.
1314 1126 1401 1157 etiam
1419 1124 1489 1154 inl'ra
1507 1122 1549 1159 X,
1569 1123 1632 1153 641.

357 1174 387 1200 et
407 1170 514 1199 Lucan.
537 1169 596 1204 vll,
615 1169 677 1199 179.
701 1183 737 1189 -
775 1169 822 1199 91.
849 1168 1114 1204 ,,Λοὴσνοπ1α,
1139 1166 1212 1196 deos
1231 1164 1340 1194 inferos
1358 1164 1389 1193 et
1403 1161 1500 1192 Manes
1518 1168 1553 1190 ex
1576 1160 1635 1188 imo

354 1207 445 1239 Ach.“
472 1206 507 1237 11.
564 1205 628 1235 vid.
657 1204 708 1235 inl'.
736 1213 763 1235 v.
787 1205 853 1236 312.
892 1220 929 1226 -
978 1204 1064 1234 imis
1092 1202 1266 1234 Auernis.
1325 1199 1387 1230 vid.
1414 1198 1450 1228 ad
1474 1196 1531 1233 111,
1566 1197 1631 1227 386.

355 1245 422 1275 442.
444 1259 482 1266 --
518 1243 566 1274 92.
597 1242 664 1271 Hic
691 1243 728 1271 el
751 1244 823 1271 eum
850 1244 967 1280 pater
992 1243 1074 1279 ipae
1102 1244 1175 1279 etc„
1205 1240 1270 1270 scil.
1291 1234 1523 1278 quenadmodum
1547 1236 1633 1263 antea

356 1281 447 1311 Italae
474 1284 588 1317 gentes.
636 1278 704 1308 Tum
732 1283 846 1316 autem,
887 1280 964 1316 quod
994 1280 1111 1316 gemino
1137 1278 1203 1308 loco
1229 1277 1304 1308 Aen.
1324 1274 1373 1306 vn
1421 1272 1486 1304 616.
1513 1273 1543 1302 et
1570 1270 1635 1300 lor-

357 1319 443 1348 inuiis
468 1320 526 1347 lum
553 1324 682 1361 quoque,
719 1318 779 1345 iam
804 1318 863 1346 tum
890 1320 947 1348 ctc.
974 1316 1092 1348 defendi
1118 1315 1247 1351 videtur,
1281 1322 1345 1356 cuni
1371 1295 1469 1348 ἦιξα.
1496 1316 1534 1340 ex
1561 1307 1632 1351 Cod.

355 1355 432 1386 Med.
461 1362 638 1392 recepimus.
684 1353 766 1383 ialin.
800 1355 918 1384 retinuit
946 1354 1132 1391 plurimorum
1158 1352 1250 1383 Codd.
1279 1351 1432 1381 lectionem
1461 1347 1535 1376 time.
1572 1344 1634 1389 Yid.

356 1394 422 1424 cius
450 1392 538 1423 adnot
563 1392 599 1421 ad
627 1390 691 1421 Ecl.
713 1390 770 1427 111,
803 1393 847 1422 10.
883 1400 912 1429 p.
939 1392 1004 1423 371.
1042 1391 1091 1421 ed.
1112 1390 1148 1420 11.
1184 1405 1219 1411 —
1271 1389 1317 1420 93.
1350 1383 1528 1416 bidentis.
1571 1382 1635 1413 lid.

359 1431 396 1461 ad
415 1429 462 1466 IV,
481 1432 529 1461 57.
548 1445 587 1452 -
624 1429 671 1460 94.
690 1429 827 1457 harum
847 1430 957 1466 cer-qo
976 1428 1201 1465 stratisque
1222 1423 1444 1457 velleribus
1471 1422 1492 1452 i.
1513 1428 1541 1451 e.
1561 1423 1635 1450 stra-

357 1469 395 1496 tis
422 1466 597 1504 velleribus,
624 1466 722 1495 ovium
751 1469 833 1502 tergo
863 1466 1009 1496 detractis.
1063 1465 1108 1495 ef.
1137 1465 1244 1494 adnott.
1276 1463 1313 1493 ad
1333 1461 1406 1505 Geo.
1425 1445 1469 1495 li.
1494 1459 1558 1490 242.
1591 1456 1636 1494 IV,

358 1505 423 1535 481.
456 1504 529 1534 Aen.
551 1503 572 1538 Ι,
593 1503 639 1534 27.
670 1501 717 1540 Ν,
736 1503 800 1534 355.
832 1503 864 1541 V,
883 1503 947 1534 273.
971 1505 1000 1532 et
1020 1503 1131 1532 similes
1153 1503 1250 1539 locos,
1270 1500 1411 1538 imprimis
1431 1499 1525 1528 autem
1546 1495 1582 1526 ad
1601 1494 1636 1530 ll,

357 1542 423 1572 722.
459 1556 496 1561 -
523 1539 698 1577 effultus.
753 1539 819 1570 vid.
848 1539 885 1569 ad
911 1539 992 1576 vill,
1022 1539 1086 1571 368.
1122 1554 1156 1560 -
1213 1540 1259 1570 95.
1296 1538 1396 1569 Altera
1423 1535 1509 1565 huius
1538 1539 1636 1564 versus

358 1586 425 1615 pars
460 1581 603 1616 tamquam
641 1576 780 1614 apodosis
813 1578 851 1606 ad
888 1578 1042 1614 superiora
1077 1576 1231 1607 reserenda
1266 1578 1327 1612 est;
1369 1580 1458 1610 quare
1493 1571 1637 1604 Punctum»

360 1615 437 1653 quod
466 1615 553 1651 vulgo
590 1618 711 1652 apparet
737 1618 804 1652 post
834 1614 1009 1652 Velleribus,
1054 1621 1119 1643 cum
1147 1613 1247 1643 Iahnio
1276 1614 1306 1643 in
1333 1610 1507 1652 Semicolou·
1525 1607 1636 1638 mutavi.

357 1653 459 1690 Wagn.
473 1652 582 1693 ⁷Colon
612 1652 717 1690 posuit.
743 1668 780 1674 —
818 1652 865 1683 96.
896 1660 917 1682 n
932 1660 949 1682 e
975 1661 997 1689 p
1013 1659 1029 1681 e
1043 1653 1056 1681 t
1068 1659 1085 1680 e
1116 1659 1132 1680 s
1147 1659 1165 1680 o
1181 1660 1198 1680 c
1214 1651 1225 1680 i
1239 1660 1260 1681 a
1273 1658 1290 1680 r
1306 1658 1330 1680 e.
1376 1647 1428 1677 Sic
1455 1645 1538 1676 ovid.
1567 1643 1637 1681 vlu,

359 1691 425 1727 420.
459 1689 663 1727 victricemque
692 1691 795 1726 petunt
818 1690 943 1720 dextrae
978 1689 1155 1726 coniunqere
1187 1688 1331 1717 dextram.
1378 1684 1457 1722 XIV,
1488 1684 1553 1715 570.
1584 1680 1640 1711 Nec

359 1730 393 1765 te,
414 1727 539 1757 Lavinia
563 1728 658 1765 virqo,
686 1726 744 1756 Sed
761 1727 867 1756 vicisse
882 1728 989 1764 petunt.
1030 1725 1074 1755 Cl'.
1100 1726 1138 1756 de
1164 1725 1223 1755 hoc
1241 1733 1295 1755 usu
1315 1722 1447 1754 infinitivi
1489 1728 1520 1751 ro
1542 1720 1639 1763 Accu-

359 1766 453 1795 sativo
476 1764 584 1794 obiecti
604 1764 733 1801 usurpati
749 1763 788 1793 ad
806 1763 828 1801 1,
841 1765 906 1795 319.
927 1769 957 1796 et
971 1764 1040 1793 alibi
1061 1763 1216 1793 adnott.-
1240 1760 1439 1792 Gonnubis
1475 1756 1638 1793 confinem)

360 1802 450 1832 tribus
470 1801 589 1838 syllabis
616 1801 870 1838 pronuntiandum,
899 1804 931 1831 ut
949 1802 1035 1832 etiam
1059 1800 1132 1829 infra
1158 1809 1185 1829 v.
1205 1800 1272 1832 333.
1310 1799 1374 1828 vid.
1396 1796 1464 1827 adl
1501 1795 1548 1826 73.
1575 1794 1640 1824 coll.

360 1840 468 1869 aunon.
490 1838 526 1868 ad
548 1838 622 1868 ceo.
645 1837 674 1881 i,
701 1837 768 1868 397.
805 1838 878 1868 Aen.
898 1838 926 1873 1,
947 1838 994 1868 73.
1022 1840 1052 1868 et
1070 1837 1137 1868 288.
1157 1837 1249 1867 nuhk.
1270 1836 1382 1867 confert
1401 1818 1504 1866 eatuli.
1523 1831 1639 1876 (ἥλω.

359 1891 396 1897 -
415 1876 463 1906 97.
486 1875 673 1904 thalamis
689 1875 856 1912 paratis,
876 1876 939 1904 scil.
961 1876 990 1904 in
1009 1876 1074 1913 ipsa
1094 1875 1195 1912 patria,
1210 1883 1273 1905 cum
1290 1875 1364 1905 Italo
1386 1872 1484 1910 aliquo
1504 1876 1640 1909 principe,

360 1912 454 1951 qualis
475 1920 502 1942 v.
524 1919 549 1941 c.
571 1915 633 1942 erat
652 1911 771 1947 Turnus,
795 1912 859 1942 sine
879 1912 938 1941 ullo
957 1912 1058 1942 labore
1086 1912 1258 1949 iungendis;
1286 1911 1391 1951 quibus
1408 1910 1561 1948 opponitur
1578 1913 1641 1936 ma-

361 1950 523 1979 trimonium
547 1956 612 1977 cum
635 1949 769 1977 externis
789 1949 907 1985 generis
926 1949 1091 1979 ineundum.
1114 1966 1151 1971 -
1170 1950 1217 1981 98.
1238 1950 1395 1979 veniunt
1411 1949 1510 1985 potest
1527 1943 1641 1983 quidem

359 1988 401 2016 ita
420 1987 532 2023 accipi,
560 1988 592 2015 ut
618 1986 733 2028 generi·
749 1986 805 2015 iam
834 1986 1099 2024 adpropinquantes
1127 1987 1274 2023 cogitandi
1297 1987 1371 2020 sinn
1398 1984 1452 2015 sed
1478 1982 1556 2013 haud
1580 1989 1642 2012 raro

359 2027 442 2054 vates
470 2024 507 2054 de
533 2023 622 2053 rebus
638 2022 751 2065 *futuris
774 2025 805 2052 ut
835 2023 872 2053 de
901 2023 1102 2059 praesentibus
1127 2024 1299 2060 loquuntur,
1333 2031 1391 2062 quo
1414 2022 1567 2052 certiorem
1584 2026 1642 2049 rem

360 2061 455 2090 oculis
475 2061 559 2098 quasi
578 2059 755 2090 audientium
773 2063 947 2097 proponant3
971 2064 1001 2091 et
1019 2062 1063 2090 sic
1079 2061 1134 2089 iam
1150 2061 1269 2092 Servius
1284 2061 1361 2090 bunc
1380 2061 1475 2089 locum
1494 2057 1642 2088 intellexit.

359 2098 478 2128 Prorsus
500 2098 603 2128 eadem
624 2098 735 2127 ratione
756 2096 840 2127 Ovid.
863 2097 930 2127 Her.
952 2097 983 2133 V,
1005 2098 1066 2128 117.
1088 2098 1183 2128 Graia
1203 2099 1328 2129 iuvenca
1347 2097 1431 2133 veuit,
1451 2102 1526 2134 quae
1544 2096 1571 2124 te
1585 2102 1645 2130 pa-

361 2136 505 2173 triamque
533 2135 618 2164 domu
687 2142 703 2164 e
725 2134 839 2164 Perdat.
878 2133 940 2164 Non
968 2138 1064 2165 tamen
1083 2135 1271 2173 reticendum,
1291 2135 1369 2167 Med.
1390 2134 1553 2170 multosque
1572 2132 1645 2160 alios

361 2171 455 2202 Codd.
477 2171 617 2203 exhibere
662 2172 712 2201 'ut.
738 2172 861 2201 venient.
891 2186 927 2193 —
964 2171 1012 2203 99.
1039 2170 1182 2209 ferant.
1222 2173 1272 2203 Sic
1296 2172 1374 2203 Med.
1401 2174 1431 2203 et
1450 2177 1551 2200 omnes
1570 2168 1647 2199 anti-

360 2210 491 2277 33252‘35’
511 2208 980 2280 ffiizrlffiffixffliss“mi
998 2207 1561 2285 ..22532112‘2922224050'150‘³553ssssss
1577 2206 1646 2274 ¹3¹3:

360 2287 420 2315 tum
436 2286 567 2321 tempora
578 2283 728 2319 Virgilium
742 2283 896 2319 scripsisse
913 2281 1015 2319 ferant
1032 2300 1051 2309 -
1071 2302 1089 2309 -
1112 2284 1249 2315 videbunt
1274 2285 1305 2315 id
1319 2269 1401 2315 recte
1421 2283 1525 2314 refutat
1535 2280 1647 2318 Wagn.,

361 2323 411 2360 qui
434 2318 656 2364 docet‚se1·aut
677 2327 751 2364 essc-
774 2318 939 2349 definientis
959 2320 1094 2356 (veniunt
1109 2322 1226 2360 yeneri,
1246 2308 1254 2323 ⁷
1298 2323 1304 2329 '
1319 2321 1426 2359 serant,
1446 2322 1467 2350 i.
1489 2327 1517 2350 e.
1537 2320 1647 2356 iique

361 2359 475 2396 tales,
502 2366 551 2401 qui
572 2357 695 2400 serant),
721 2357 858 2386 videbunt
884 2359 980 2387 autem
1002 2360 1158 2396 narrantis,
1191 2361 1238 2389 cui
1254 2330 1419 2390 micativo
1439 2358 1556 2387 minime
1576 2355 1648 2386 sub-

361 2393 1176 2469 ε-ιῖιᾝοΕῠςτῗιοιρῖᾛἓῃῗὲνξῗηξὲἶεῖηιξίᾱεᾚᾱῇ8311.ἑὲοέ
1187 2397 1305 2464 ἐξεόὁυῗίι
1317 2394 1496 2464 θρῃῗΙῖίἓηῇᾱ
1511 2394 1564 2461 ng'
1572 2393 1651 2460 'ms

362 2473 460 2500 lamen
480 2470 516 2500 ad
537 2469 698 2507 Augustum
718 2471 841 2505 spectat.
867 2484 905 2489 -—
944 2469 1007 2499 100.
1036 2468 1167 2499 omnia
1196 2470 1262 2500 sub
1285 2441 1450 2507 pezirigbus
1468 2455 1487 2492 -’
1507 2485 1526 2491 -
1544 2439 1651 2498 gide-

363 2508 458 2537 bunt.
498 2507 589 2543 Hcyn.
620 2509 765 2548 comparat
792 2504 855 2534 Ecl.
876 2504 914 2540 V,
934 2506 980 2535 57.
1011 2506 1064 2535 sub
1090 2506 1266 2545 pedibusque
1291 2507 1369 2537 videt
1393 2507 1485 2536 nubes
1505 2508 1533 2536 et
1551 2506 1652 2535 sidera

361 2545 503 2582 Daphnis.
543 2544 627 2575 Adde
646 2542 748 2572 Silium
767 2540 867 2585 XVII,
884 2542 947 2572 144.
977 2541 1033 2576 Oui
1052 2544 1138 2572 modo
1159 2544 1213 2573 sul>
1229 2545 1351 2581 pedibus
1370 2546 1470 2575 terras
1490 2545 1518 2574 ee
1538 2544 1654 2580 sceptra

359 2585 522 2622 patensque
552 2581 653 2611 Litora
686 2580 727 2609 ad
747 2579 864 2622 ¹Oceani
886 2579 945 2621 ‚sub
971 2581 1042 2610 nutu
1072 2580 1189 2610 viderat
1211 2591 1231 2611 a
1288 2590 1332 2612 or.
1362 2598 1399 2604 —
1428 2582 1491 2611 sol
1517 2588 1653 2611 recur-

363 2629 474 2660 rens,
505 2620 602 2652 oriens
629 2620 660 2652 ot
689 2616 837 2653 occidenS‚
883 2615 1013 2656 ideoque
1040 2625 1142 2649 omnes
1168 2621 1267 2657 popu·
1299 2622 1330 2652 et
1360 2619 1518 2651 orientales
1549 2620 1579 2650 et
1597 2625 1655 2648 oc-
