1998 3076
377 333 430 372 38
796 335 830 371 P.
854 334 1015 371 VIRGILII
1037 336 1215 372 MARONIS

378 428 551 462 Tartareae
574 428 765 462 monstrum:
790 428 839 462 tot
861 437 935 462 sese
957 430 1056 464 vertit
1078 430 1111 463 in
1137 438 1204 471 ora,

379 475 456 508 Tam
479 482 597 508 saevae
621 473 743 515 facies,
768 475 815 509 tot
837 474 972 518 pullulat
994 477 1064 510 atra
1087 476 1239 510 colubris.

379 520 477 560 Quam
501 520 577 554 Iuno
600 520 649 553 liis
673 522 759 554 acuit
782 520 907 562 verbis,
933 529 972 555 ac
994 522 1071 555 talia
1098 522 1196 556 fatur:
1600 514 1673 552 330

378 566 468 601 Hunc
491 566 567 599 mihi
591 566 631 600 da
654 568 835 609 proprium,
860 569 952 609 virgo
974 569 1044 602 sata
1066 568 1187 611 Nocte,
1211 568 1364 609 laborem,

379 613 467 646 Hanc
492 621 639 655 operam,
662 622 702 646 ne
726 614 835 647 noster
858 613 958 647 bonos
981 614 1159 648 infractave
1183 614 1276 649 cedat

378 659 473 692 Fama
497 658 588 700 loco;
611 668 674 692 neu
699 659 854 693 connubis
878 659 999 693 ambire
1022 660 1165 695 Latinum

378 704 549 738 Aeneadae
572 706 696 747 possint
727 705 864 739 ltarosve
888 705 1039 740 obsidere
1063 706 1145 740 finis.

379 750 426 784 Tu
449 752 542 793 potes
567 753 731 785 unanimos
755 761 878 785 armare
907 754 938 785 in
964 753 1087 795 proelia
1110 753 1238 795 fratres,
1603 744 1673 782 335

379 797 485 840 Atque
508 796 593 831 odiis
615 806 746 831 versare
772 797 900 840 domos;
923 800 958 832 tu
980 799 1119 833 verbera
1142 801 1236 833 tectis

379 933 531 964 Furiarum
549 940 637 970 supra
659 931 697 962 ad
724 931 780 969 Vl,
799 932 865 963 280.
896 931 1042 971 disputata
1069 936 1146 964 sunt.
1174 948 1211 955 —
1260 932 1327 964 328.
1359 930 1470 962 Merula
1490 929 1528 961 ad
1549 928 1674 974 Ennium

380 971 454 1001 Anu.
477 970 500 1001 1.
524 978 553 1008 p.
578 970 643 1001 154.
682 968 833 1007 Virgilium
855 969 905 1001 bic
923 970 1054 1001 Enniana
1079 978 1154 1002 voce
1175 977 1259 1001 usum
1285 977 1354 1001 esse
1379 971 1460 1007 putat
1486 966 1673 998 Tartar-mae.

380 1008 441 1041 Sed
461 1006 710 1046 acquiescendum
731 1010 777 1037 est
796 1008 825 1037 in
844 1008 972 1038 omnium
994 1007 1089 1039 Codd.
1110 1009 1250 1039 lectione.
1289 1007 1385 1038 Verba
1404 1006 1460 1036 tot
1478 1012 1570 1035 sese
1587 1012 1673 1034 ver-

381 1046 429 1076 eit
454 1047 493 1076 in
521 1053 593 1076 ora
619 1052 677 1075 non
703 1043 869 1082 significare
898 1053 1004 1083 corpus
1034 1047 1066 1076 in
1091 1047 1186 1076 varias
1207 1045 1326 1083 species
1346 1047 1377 1076 et
1394 1042 1502 1081 figuras
1522 1045 1673 1086 mutatum,

380 1084 481 1122 (quam
503 1091 569 1113 uam
594 1081 740 1113 interdum
768 1082 869 1120 utique
896 1090 987 1113 novas
1015 1085 1045 1114 et
1071 1083 1183 1114 alienas
1202 1082 1307 1113 formas
1329 1083 1476 1112 assumant
1494 1079 1622 1117 Furiae,
1643 1081 1689 1109 ut-

379 1122 445 1159 ipsa
464 1121 490 1150 A
502 1123 568 1152 ecto
587 1119 662 1150 infra
680 1127 707 1149 v.
729 1120 794 1150 415.
818 1127 865 1158 ap.
891 1119 992 1150 claud.
1013 1121 1043 1150 in
1063 1120 1127 1150 Rus.
1148 1120 1170 1159 1,
1192 1121 1256 1152 134.
1279 1128 1326 1157 ap.
1345 1119 1449 1149 Silium
1469 1117 1505 1153 11,
1525 1117 1593 1149 553.
1611 1117 1674 1154 aL),

380 1159 435 1189 sed
455 1161 562 1189 tantum
582 1157 743 1188 horrendos
763 1157 867 1194 vultus,
889 1157 1035 1188 terribiles
1055 1166 1091 1188 ac
1109 1159 1239 1189 minaces
1258 1158 1317 1187 oris
1340 1156 1455 1186 habitus
1475 1156 1557 1185 varie
1576 1157 1675 1184 muta·-

380 1199 436 1234 tos,
455 1197 538 1227 recte
558 1194 724 1225 observavit
742 1194 920 1232 Heyu.,coll.
936 1194 1010 1225 infra
1021 1203 1048 1224 v.
1056 1196 1121 1227 447.
1143 1199 1174 1228 et
1194 1194 1324 1233 epitheto
1342 1191 1573 1230 αῖολομόρφων,
1595 1191 1674 1230 quod

379 1232 476 1263 Furiis
495 1232 636 1262 tribuatur
656 1233 685 1261 in
703 1231 830 1269 Orphico
851 1232 955 1270 hymno
975 1232 1020 1264 68.
1041 1241 1068 1263 ν.
1089 1234 1136 1270 8.;
1158 1240 1331 1270 quamquam
1348 1233 1504 1268 propterea
1519 1237 1578 1260 non
1600 1236 1674 1266 opus

381 1272 442 1308 est,
468 1272 498 1300 ut
527 1277 592 1299 cum
622 1277 658 1300 eo
689 1268 726 1299 ad
755 1277 820 1299 voc.
848 1277 907 1300 ora
932 1278 968 1300 ex
991 1277 1076 1308 seqq.
1097 1270 1196 1301 verbis
1224 1270 1412 1306 suppleamus
1439 1274 1542 1297 saeva.
1581 1265 1673 1297 Immo

379 1314 499 1352 prorsus
518 1305 666 1337 adsentior
686 1306 847 1344 wagnero,
874 1308 1007 1338 censenti
1038 1310 1211 1345 „utrumque
1232 1308 1425 1343 enuntiatum,
1446 1305 1487 1334 tot
1505 1312 1573 1335 aeae
1590 1304 1677 1334 vertit

380 1353 412 1375 m
438 1353 496 1374 ora
516 1348 546 1375 et
568 1345 627 1374 lam
653 1351 765 1374 saevae
791 1341 904 1381 facies,
936 1346 1016 1375 coire
1045 1345 1081 1374 ad
1104 1353 1189 1375 unam
1209 1344 1351 1375 saevitiae
1370 1343 1459 1373 variis
1479 1342 1575 1372 modis
1594 1341 1675 1371 vultu

381 1382 749 1450 3232222223‘332332.
760 1381 997 1457 tet-...twa
1007 1380 1442 1456 &fftzttgsssscztmfftsst
1463 1379 1676 1454 ‘''Jfgz'ssssgwifi

380 1457 523 1494 Bottigeri
543 1455 770 1486 Fum'ensmaslce
791 1464 818 1494 p.
839 1456 887 1488 64.
909 1472 944 1477 -
983 1457 1048 1488 329.
1074 1457 1249 1494 pullulat
1274 1454 1471 1492 colubris,
1503 1457 1600 1485 scatet
1620 1461 1676 1484 eo-

379 1494 482 1530 lubris,
503 1501 577 1531 quos
596 1494 738 1531 pullorum
757 1494 848 1524 instar
871 1501 888 1525 e
908 1501 1031 1538 corpore
1047 1495 1161 1531 emittit,
1182 1495 1231 1531 qui
1245 1501 1263 1525 e
1275 1494 1372 1540 capite
1385 1494 1450 1524 eius
1473 1494 1673 1530 procrescunt.

380 1532 477 1562 Prima
499 1535 529 1562 et
548 1531 665 1568 propria
684 1530 781 1568 signis.
806 1531 969 1569 pullatam&
996 1531 1115 1562 verbum
1145 1532 1271 1568 legimus
1299 1531 1372 1561 (ieo-
1399 1529 1445 1569 11,
1474 1531 1518 1561 17.
1544 1545 1581 1551 -
1620 1528 1674 1559 Pro

381 1570 474 1599 atra
500 1567 593 1598 Codd.
613 1568 731 1605 quidam
752 1576 822 1605 ora,
851 1569 929 1605 quod
942 1591 950 1606 ,
978 1576 1015 1599 ex
1042 1569 1139 1606 priore
1159 1576 1246 1599 versu
1266 1569 1439 1606 repetitum,
1468 1575 1528 1597 non
1547 1566 1677 1597 debebat

381 1606 501 1651 placere
534 1605 664 1636 Heinsio.
704 1605 817 1636 Wakef.
838 1605 874 1636 ad
895 1605 1139 1643 Lucr.1v„140.
1171 1606 1248 1636 coni.
1276 1614 1296 1635 α
1315 1607 1354 1635 ια.
1383 1621 1418 1626 -
1456 1605 1521 1636 330.
1553 1605 1675 1641 acuit,

381 1645 511 1681 mstigat,
532 1643 632 1680 irritat,
656 1644 747 1680 magis
767 1644 855 1675 etiam
877 1647 1040 1681 exasperat.
1079 1642 1141 1673 Vid.
1164 1642 1238 1674 Geo.
1258 1643 1270 1673 1
1298 1665 1305 1679 ‚
1325 1642 1390 1673 435.
1429 1642 1504 1672 Aen.
1525 1641 1586 1677 xil,
1606 1642 1676 1673 850.

381 1681 471 1712 Silius
491 1681 514 1717 1,
536 1680 599 1711 113.
630 1680 692 1711 Cic.
713 1680 768 1711 Otr.
790 1680 842 1714 111,
864 1682 889 1712 1.
911 1689 954 1718 pr.
976 1681 1061 1711 Rosa.
1079 1681 1145 1711 Am.
1165 1681 1212 1712 38.
1233 1689 1276 1718 pr.
1299 1680 1362 1717 Lig.
1383 1681 1412 1711 4.
1434 1682 1502 1710 cett.
1524 1682 1556 1710 et
1575 1678 1674 1709 Burm.

382 1718 419 1748 ad
438 1717 501 1762 Val.
524 1717 566 1747 Fl.
590 1716 613 1754 1,
624 1717 690 1748 761.
703 1734 739 1761 ᾗ
758 1718 823 1749 331.
842 1719 952 1756 virqo
974 1720 1064 1748 sata
1082 1717 1208 1748 Nocte.
1249 1717 1354 1748 Furiae
1374 1718 1452 1748 enim
1472 1715 1572 1746 Noctis
1592 1715 1675 1747 filiae

380 1755 631 1831 8
797 1755 991 1793 88
1022 1756 1153 1836 .825..

380 1831 446 1862 451.
467 1837 592 1860 sorores
619 1828 709 1859 Nocte
735 1831 850 1867 qemtae
878 1833 908 1861 et
938 1830 1148 1867 posterioribus
1173 1833 1287 1868 poetis,
1317 1832 1350 1859 ut
1369 1829 1431 1859 Val.
1452 1828 1495 1858 Fi.
1517 1828 1576 1866 111,
1595 1828 1676 1867 252„

381 1867 470 1898 Nocte
487 1869 572 1897 satae
590 1867 662 1895 κατ’
692 1865 803 1904 ἕξοχήν
823 1867 966 1897 dicuntur.
1006 1866 1050 1897 De
1070 1876 1135 1898 voc.
1164 1869 1249 1898 satus
1268 1867 1326 1897 vid.
1348 1866 1384 1897 ad
1406 1866 1479 1897 Geo.
1500 1866 1512 1896 1
1549 1865 1617 1898 278.
1640 1881 1677 1888 —

380 1904 509 1943 „Hunc
528 1903 621 1933 milti
638 1904 685 1933 da
700 1905 901 1948 propr-ium
923 1904 1098 1948 laborm-n
1117 1913 1169 1942 pro
1189 1906 1319 1942 vulgari:
1349 1904 1496 1942 singulare
1519 1888 1577 1934 imo
1604 1903 1677 1934 mibi

380 1945 517 1981 praesta,
547 1948 613 1972 mea
634 1944 727 1978 gratia
746 1949 874 1979 suscipe.
902 1958 938 1964 —
976 1942 1043 1973 332.
1070 1940 1251 1980 anfracta
1279 1942 1391 1972 cedat
1416 1942 1505 1972 loco
1527 1940 1677 1973 cumulate

381 1987 434 2018 pro
462 1978 645 2015 infringatur,
673 1978 878 2016 labefactetur,
907 1979 1117 2010 convellatur.“
1148 1978 1182 2009 H.
1241 1979 1257 2009 1
1264 1978 1423 2017 nfracta
1454 1982 1551 2011 autern
1579 1977 1616 2015 [i.
1647 1987 1676 2010 e.

380 2017 468 2056 plane
489 2016 596 2046 fracta:
617 2015 676 2045 vid.
697 2016 733 2047 ad
754 2016 787 2053 V,
807 2017 872 2047 784.
896 2016 943 2054 IX,
962 2017 1028 2048 499.
1049 2020 1079 2047 et
1097 2016 1148 2047 XII
1182 2018 1208 2048 1.
1230 2021 1261 2048 et
1280 2017 1317 2047 cf.
1339 2016 1472 2047 Ruddim.
1494 2017 1516 2047 1.
1539 2025 1569 2054 p.
1594 2016 1660 2048 303.

382 2053 526 2098 etiamad
545 2053 728 2091 praecedens
755 2053 851 2084 Subst.
877 2054 1000 2084 honoria
1026 2039 1229 2092 referendum,
1257 2054 1295 2085 de
1315 2062 1374 2098 quo
1403 2062 1457 2098 usu
1476 2053 1677 2098 loquendi-c.

381 2091 513 2121 Schmrd.
535 2094 564 2121 et
584 2089 691 2121 Obbar.
716 2091 752 2121 ad
771 2092 839 2122 Hor.
857 2091 910 2128 Ep.
932 2091 952 2128 1,
975 2093 1000 2128 1,
1023 2093 1071 2123 41.
1111 2092 1155 2123 De
1177 2091 1299 2122 formula
1318 2091 1436 2122 dicendi
1454 2100 1506 2129 pro
1527 2099 1572 2123 rie
1592 2092 1676 2122 mili-

380 2129 434 2159 tari
454 2128 559 2158 cedere
577 2128 642 2157 loco
663 2127 699 2157 cl'.
722 2128 829 2159 adnott.
853 2129 889 2158 ad
902 2128 948 2167 lx,
961 2129 1026 2160 220.
1047 2129 1129 2166 (loco
1148 2130 1291 2159 sententia
1304 2129 1405 2166 cedit.)
1419 2144 1452 2150 —
1473 2100 1539 2160 333.
1560 2137 1676 2167 „con-

379 2166 513 2195 nubiis
532 2164 682 2195 ambire
700 2165 898 2196 Latinum:
918 2167 1085 2196 translatum
1106 2167 1143 2196 ad
1159 2174 1311 2204 socerum,
1339 2166 1419 2205 quod
1438 2167 1557 2204 puellae
1579 2166 1678 2198 debe-

380 2203 474 2234 batur.
513 2202 585 2231 Nam
606 2203 718 2233 ambire
733 2204 868 2240 puellam,
891 2203 1052 2241 coniuqium
1068 2204 1185 2241 puellae
1205 2212 1256 2241 pro
1279 2206 1321 2234 ria
1340 2207 1424 2240 sunt3
1454 2204 1569 2234 doctius
1593 2204 1629 2241 [i.
1650 2212 1677 2235 e.

380 2240 511 2284 poetice]
542 2240 653 2270 ambire
676 2240 803 2284 puellam
828 2240 1003 2271 connubio.“
1023 2240 1059 2271 H.
1100 2241 1199 2271 Paullo
1225 2213 1360 2271 subtilius
1379 2241 1489 2271 Rutula:
1517 2240 1678 2278 „Fortasse

380 2278 492 2309 ambtre
512 2280 557 2308 est
575 2277 604 2307 h.
625 2277 645 2307 1.
666 2278 758 2315 adire,
777 2285 811 2310 se
832 2279 990 2316 applicare.
1030 2278 1082 2308 Sic
1101 2278 1148 2315 IV,
1167 2278 1234 2310 283.
1275 2279 1342 2309 Hor.
1364 2278 1419 2309 Od.
1442 2279 1465 2315 Ι,
1485 2279 1531 2316 35,
1553 2279 1583 2310 5.
1613 2278 1677 2310 Nec

379 2314 736 2390 satietates?
756 2323 773 2346 8
792 2315 1330 2385 8
1351 2317 1429 2384 <m
1444 2317 1678 2384 {ansvaga

380 2393 412 2421 et
429 2389 528 2419 Schol.
549 2389 622 2419 Stat.
643 2389 734 2420 Theb.
754 2390 785 2427 1,
804 2391 852 2421 74.
881 2390 969 2427 vulgo
995 2390 1148 2428 legebatur
1165 2391 1329 2421 unanimes.
1367 2384 1434 2421 vid.
1456 2361 1545 2429 sussra
1569 2391 1607 2421 ad
1629 2391 1678 2429 lv,

377 2426 407 2459 8.
427 2443 465 2450 —-
500 2426 566 2458 336.
594 2434 778 2464 versare,
809 2429 975 2466 exagitare,
1005 2436 1128 2465 vexare,
1157 2428 1281 2460 turbare.
1329 2428 1422 2459 Aliter
1445 2428 1535 2466 igitur
1566 2428 1678 2460 dictum

379 2466 467 2501 atque
486 2464 523 2501 11,
543 2464 589 2495 62.
612 2471 736 2495 versare
757 2465 849 2495 dolos.
889 2464 932 2495 Cf.
964 2473 992 2496 e.
1015 2473 1042 2502 g.
1065 2465 1150 2496 Ovid.
1180 2466 1244 2496 Am.
1266 2466 1312 2502 11,
1332 2466 1369 2504 2,
1391 2466 1438 2497 29.
1476 2465 1531 2496 Ille
1557 2465 1679 2504 (servus

379 2502 532 2539 conscius)
549 2502 662 2540 placet,
692 2504 848 2540 versatque
869 2503 1003 2540 domum,
1032 2511 1087 2533 nec
1111 2503 1238 2533 verbera
1265 2504 1360 2534 sentit.
1400 2503 1487 2541 Prop.
1507 2503 1567 2541 111,
1590 2504 1628 2541 9,
1650 2505 1678 2536 1.

381 2538 455 2572 Quid
471 2539 601 2575 mirare,
631 2548 726 2570 meam
746 2540 773 2570 si
790 2541 894 2570 versat
909 2538 1019 2578 femina
1040 2540 1155 2570 vitam?
1183 2543 1252 2571 cett.
1291 2541 1363 2572 Inde
1383 2549 1454 2572 vero
1475 2541 1563 2573 etiam
1586 2544 1680 2580 patet,

379 2575 526 2618 quomodo
545 2583 630 2616 seqq.
651 2577 841 2612 intelligenda
858 2577 925 2607 sint.
971 2576 1144 2608 Verbera
1165 2579 1242 2609 enim
1265 2582 1294 2609 et
1320 2577 1440 2617 facea
1457 2578 1507 2609 hic
1526 2587 1585 2609 nou
1607 2586 1680 2611 esso

377 2615 580 2653 instrumenta,
610 2614 716 2653 quibus
735 2614 823 2645 Furia
840 2615 871 2645 iu
889 2615 964 2653 ipsis
991 2615 1109 2665 aedium
1136 2615 1335 2653 penetralibus
1358 2624 1471 2655 poenas
1496 2624 1517 2648 a
1533 2616 1680 2656 scelestis,
