1998 3076
371 344 446 384 106
814 351 848 385 Β.
872 349 1034 385 VIRGan
1055 350 1232 386 MARONIS

370 441 524 485 Quodque
548 442 589 477 ab
612 443 713 486 stirpe
736 443 823 476 fores
846 444 981 485 geminis
1005 445 1191 478 coniunctus
1214 444 1356 486 Atridis;
1589 439 1643 479 1³⁰

369 489 433 523 Sed
455 498 525 523 mea
548 498 598 523 me
622 490 734 531 virtus,
756 491 788 523 et
811 492 921 524 sancta
946 490 1074 524 oracula
1097 489 1213 533 divum,

369 535 562 578 cognatique
586 536 711 578 patres,
735 538 788 570 tua
812 538 905 570 terris
930 535 1031 571 didita
1053 536 1145 579 rama,

369 581 569 616 coniunxere
590 581 659 624 tibi,
685 584 718 616 et
739 582 812 616 fatis
836 591 932 624 egere
957 583 1125 617 volentem.

367 626 543 670 Dardanus,
567 628 681 661 Iliacae
705 630 824 670 primus
847 630 940 671 pater
962 628 1050 662 urbis
1074 631 1109 663 et
1131 631 1252 671 auctor,
1673 643 1676 646 ·

367 675 506 716 Electra,
530 676 566 708 ut
588 674 672 708 Graii
695 675 874 717 perhibent,
898 675 1058 709 Atlantide
1083 678 1199 718 cretus,
1590 671 1644 711 135

367 720 541 755 Advehitur
564 720 721 762 Teucros3
745 721 901 755 Electrum
926 723 1079 755 maximus
1104 722 1192 756 Atlas

367 766 485 810 Edidit,
511 767 669 801 aetherios
692 767 822 801 humero
848 769 900 810 qui
924 769 1060 801 sustinet
1083 767 1181 802 orbis.

367 813 466 848 Vobis
490 812 665 847 Mercurius
687 816 778 858 pater
802 815 862 856 est,
888 822 982 856 quem
1007 814 1142 849 candida
1164 815 1248 849 Maia

366 941 467 979 ditari,
496 942 564 980 quid
592 941 669 980 quod
692 941 800 971 auxilio
820 940 954 979 indigere
984 948 1055 980 prae
1075 949 1110 974 se
1129 941 1245 973 ferrent.
1284 941 1336 972 Sic
1361 940 1421 972 Iac.
1446 939 1595 979 Comitis,
1619 940 1645 983 ¹¹.-

365 978 516 1011 Forsterus
544 980 653 1017 aliique
681 980 815 1010 itinerum
842 979 878 1008 ad
904 982 1008 1016 gentes
1033 980 1165 1012 rudiores
1191 980 1346 1009 Americae
1374 981 1430 1010 etc.
1455 977 1646 1023 descriptore·

365 1025 426 1048 rem
445 1025 478 1048 se
506 1016 613 1048 babere
645 1016 741 1047 adliuc
767 1016 953 1047 tradiderunt.
992 1017 1106 1054 Religio
1134 1017 1211 1056 apud
1233 1017 1361 1048 Graecos
1389 1015 1554 1047 accessit.“
1590 1015 1646 1047 vid.

366 1056 452 1086 etiam
475 1054 511 1085 ad
531 1055 589 1092 vll,
615 1055 678 1085 154.
702 1070 737 1075 -
778 1055 841 1085 130.
875 1055 942 1092 „ab
964 1055 1091 1092 stirpe
1110 1055 1278 1093 geminis
1296 1054 1539 1085 coniunctus
1555 1052 1646 1084 Atri-

366 1092 436 1122 dis.
476 1091 631 1130 Utrumque
654 1099 746 1128 genus
768 1098 785 1121 a
804 1091 874 1122 love
895 1091 1069 1127 ducebatur;
1089 1094 1148 1121 tum
1166 1092 1201 1122 ab
1214 1092 1345 1129 Atlante;
1369 1099 1434 1121 nam
1456 1098 1474 1120 a
1492 1089 1646 1127 sororibus,

363 1129 487 1159 Atlantis
506 1128 635 1165 filiabus,
663 1133 693 1160 et
715 1129 847 1160 Evander
876 1133 905 1169 et
923 1129 1044 1160 Atridae
1073 1129 1186 1159 oriundi
1209 1132 1300 1160 erant.
1339 1129 1385 1159 Ab
1404 1128 1513 1159 iisdem
1533 1128 1646 1167 Atlantis

364 1166 487 1204 filiabus,
507 1167 643 1198 Pleiades
661 1169 765 1197 vocant
786 1167 856 1204 [vid.
884 1167 920 1197 ad
942 1167 1014 1198 Geo.
1035 1167 1058 1205 Ι,
1078 1167 1168 1205 225.],
1196 1167 1330 1204 cognatio
1351 1167 1444 1197 altera
1462 1174 1491 1196 v.
1517 1166 1574 1198 134
1590 1173 1646 1204 sqq.

364 1204 439 1235 inter
459 1204 620 1234 Evandrum
648 1207 679 1235 et
701 1204 830 1234 Aeneam
857 1204 999 1235 deducta:
1025 1212 1090 1234 narn
1110 1204 1260 1234 Dardanus
1281 1204 1396 1235 Electra
1415 1207 1447 1235 et
1467 1203 1543 1235 Iove
1563 1207 1646 1240 natu,

362 1241 496 1272 Evander
516 1244 611 1273 antem
631 1241 784 1278 Mercurii,
806 1242 852 1271 cui
872 1242 948 1272 Maia
968 1246 1076 1278 mater,
1093 1241 1170 1273 lilius
1189 1241 1407 1279 perhibebatur.
1445 1241 1513 1271 vid.
1536 1241 1645 1279 Dionys.

364 1278 393 1316 1,
420 1279 465 1310 31.
505 1279 657 1310 Praeclare
686 1282 782 1309 autern
811 1279 899 1316 poeta
926 1279 982 1310 bac
1008 1280 1123 1318 generis
1149 1280 1353 1310 coniunctione
1383 1279 1473 1309 utitur
1490 1278 1531 1309 ed
1552 1285 1645 1310 caum

364 1316 509 1347 amicitiae
528 1317 604 1347 inter
625 1316 786 1346 Evandrum
807 1319 838 1347 et
856 1316 994 1348 Troianos
1014 1317 1186 1348 serendas.“
1205 1317 1238 1347 Η.
1261 1333 1300 1340 -
1327 1317 1391 1348 131.
1413 1324 1495 1346 mea
1514 1317 1645 1353 virtu,

363 1354 451 1384 animi
470 1353 577 1385 fiducia
597 1362 634 1385 ex
657 1362 742 1385 meae
763 1355 876 1384 virtutis
897 1356 1086 1386 conscientia.
1133 1354 1229 1393 Wayn.
1249 1354 1324 1385 haec
1343 1353 1479 1384 adnotat:
1509 1353 1644 1391 „Omnino

362 1390 527 1428 tenendum,
547 1395 665 1423 veteres
681 1393 824 1436 'maiorem
848 1392 960 1422 virtutis
981 1400 1053 1436 snae
1074 1392 1208 1436 fiduciam
1229 1399 1299 1430 prae
1318 1399 1353 1423 se
1371 1391 1493 1434 tulissej
1515 1390 1645 1429 quodque

362 1429 446 1511 233¹&
466 1428 1572 1512 mi„illiciat0⁵?‘ilssffl’5illss3213ss'tituill‘ffftffllalsssta
1613 1435 1645 1458 '⁸

361 1511 435 1535 men
461 1513 585 1535 maxime
613 1505 748 1549 exempla
777 1505 974 1542 comprobant.
1028 1505 1125 1540 Quare
1152 1507 1239 1535 etiam
1271 1504 1375 1535 (acero
1401 1503 1436 1534 N.
1464 1503 1498 1534 l).
1521 1503 1582 1548 ῙΠι
1601 1503 1643 1535 ³⁶.

362 1541 483 1580 Propter
505 1543 637 1572 virtutem
656 1550 731 1572 emm
750 1543 815 1572 iare
834 1543 992 1587 laudamur
1018 1544 1046 1572 el
1069 1542 1101 1572 in
1125 1543 1229 1586 vii-title
1248 1543 1327 1571 recle
1345 1541 1517 1586 gloriamur}
1560 1540 1642 1572 bete-

361 1580 1457 1661 {galil-&Ulla{23431223'3532'1'03§taffzssgz‘ixf‘viafflii‘f
1475 1577 1644 1655 ’ξ’ὃᾝὼέ

363 1655 427 1686 132.
448 1656 551 1685 terri
559 1664 574 1685 s
601 1656 725 1686 didita
743 1654 763 1693 s
764 1664 857 1692 ama,
877 1657 898 1686 i.
919 1664 945 1686 e.
966 1662 1019 1700 per
1037 1657 1129 1685 terras
1149 1655 1305 1692 divulgata.
1345 1653 1390 1683 Cf.
1412 1661 1501 1690 supra
1511 1652 1576 1691 vu,
1587 1652 1643 1685 143

359 1691 476 1722 Di'dilur
495 1693 540 1723 llic
558 1694 652 1724 while
675 1693 803 1723 Troiana
820 1701 875 1730 per
894 1701 1011 1731 aymma
1031 1700 1148 1728 mittor,
1168 1692 1217 1722 ubi
1237 1691 1298 1722 vid.
1328 1691 1446 1727 adnott.,
1468 1693 1498 1722 et
1519 1690 1608 1722 Silius
1623 1689 1643 1726 1.

361 1730 426 1762 186.
446 1729 527 1768 sama
546 1732 577 1761 in
592 1731 716 1769 populos
734 1731 825 1760 iurati
839 1731 934 1760 dedita
954 1730 1028 1760 belli.
1068 1730 1208 1762 Similiter
1226 1730 1311 1760 Lucr.
1332 1729 1364 1765 V,
1384 1729 1430 1760 20.
1448 1736 1506 1766 per
1526 1736 1577 1759 ma

359 1767 450 1798 didita
470 1769 580 1804 ,culeis
598 1769 702 1798 Dulcia
720 1769 901 1806 permulcent
922 1768 1038 1798 animoa
1057 1767 1165 1797 solatia
1179 1767 1264 1797 vilae.
1304 1766 1406 1803 wago,
1426 1764 1543 1798 confert
1587 1764 1642 1796 iod-

359 1805 421 1836 Sic.
444 1805 454 1834 Ι
487 1827 495 1843 ,
518 1807 564 1837 47.
587 1806 783 1841 διαδοθείσης
802 1805 853 1841 τῆς
873 1805 978 1843 φήμης
997 1806 1040 1837 εἰς
1058 1804 1178 1834 ἅπαντα
1199 1804 1302 1834 τόπον.
1324 1819 1360 1825 -
1389 1804 1454 1835 133·
1482 1803 1641 1834 confit.-

359 1850 470 1879 atere,
499 1843 526 1873 h.
548 1851 576 1874 e.
598 1843 748 1874 adduxere
769 1850 832 1879 me,
859 1846 890 1873 ut
910 1851 957 1873 me
981 1843 1031 1873 tibi
1060 1842 1219 1880 adiungere
1239 1843 1382 1873 studeam.
1416 1856 1455 1863 —
1484 1842 1525 1871 et
1550 1838 1643 1879 [atla

359 1887 483 1918 were,
506 1881 569 1911 scil.
592 1881 628 1911 ad
649 1884 688 1916 te,
708 1881 907 1917 volentem,
934 1880 1043 1909 ἕκοντα
1064 1880 1135 1915 (vid.
1157 1880 1193 1910 ad
1218 1880 1257 1917 X,
1279 1880 1376 1916 677.),
1398 1877 1472 1922 lata:
1501 1885 1642 1922 quae-ne

358 1917 492 1956 agebant,
512 1918 614 1949 volens
630 1920 750 1948 secutus
761 1925 842 1956 sum;
863 1925 919 1947 non
934 1917 1027 1947 solum
1047 1917 1113 1948 satis
1129 1925 1235 1956 parens
1255 1918 1291 1948 ad
1314 1920 1344 1947 te
1364 1923 1462 1953 venio,
1485 1916 1544 1948 sed
1562 1919 1642 1947 enn-

357 1962 424 1986 mea
451 1956 597 1986 voluntate
623 1956 736 1986 ductus.
767 1971 803 1978 -
843 1956 907 1987 134.
934 1955 977 1986 De
1004 1954 1189 1985 Dardano
1213 1956 1274 1999 yid.
1295 1955 1354 1990 111,
1384 1953 1439 1985 167
1458 1960 1505 1991 sq.
1539 1956 1571 1984 et
1587 1952 1641 1990 vn.

356 1992 413 2025 206
431 2001 494 2032 sqq.
517 2009 553 2015 -
577 1993 727 2030 primus
748 1994 835 2030 paler
861 1992 945 2022 urbis
969 1994 999 2022 et
1025 1994 1138 2023 auctor.
1187 1992 1252 2022 vid.
1279 1992 1316 2023 ad
1342 1991 1381 2028 V,
1410 1990 1476 2022 596.
1534 1991 1642 2022 Potor

355 2031 468 2060 urbis
495 2039 547 2069 pro
578 2031 738 2061 conditore.
777 2030 829 2060 Sic
855 2030 916 2060 Cic.
939 2030 975 2060 de
996 2029 1058 2059 Div.
1080 2029 1108 2066 Ι,
1128 2030 1163 2068 2;
1183 2030 1211 2060 3.
1242 2029 1335 2059 Huius
1354 2028 1436 2059 urbia
1453 2034 1569 2065 parona
1585 2028 1641 2059 flo-

355 2069 462 2099 mulus.
502 2068 586 2099 Ovid.
605 2068 674 2099 Met.
695 2067 757 2105 XV,
777 2068 843 2099 861.
863 2068 1031 2105 genitorque
1058 2067 1178 2102 Quirine
1196 2068 1287 2097 urbis.
1326 2067 1411 2104 Prop.
1433 2065 1490 2102 iv,
1519 2067 1571 2102 10,
1600 2066 1640 2097 17.

360 2104 443 2135 Urbis
453 2106 622 2145 virtutisque
635 2114 756 2142 parens.
778 2106 869 2135 Silius
880 2105 926 2143 IX,
942 2106 1130 2148 654 parena
1140 2112 1292 2134 murorum
1304 2107 1371 2135 cett.
1389 2119 1425 2127 —-
1454 2103 1521 2148 ‚¹3⁵-
1550 2103 1601 2134 Wa

356 2142 432 2174 haec
451 2143 585 2174 adnotat:
614 2144 789 2180 „Insignitur
815 2144 913 2181 lapsus
936 2146 980 2174 est
1000 2146 1108 2180 poeta,
1137 2143 1186 2180 qui
1205 2141 1412 2185 Aeneam-boc
1432 2141 1582 2173 dicentem
1609 2149 1641 2171 a-

356 2180 430 2210 ciat:
460 2182 495 2210 ut
512 2180 596 2211 Graii
611 2181 763 2219 perhibent
768 2181 800 2217 ;“
831 2182 933 2211 nescio
960 2188 1018 2218 quo
1039 2181 1113 2210 iure.
1153 2180 1282 2211 Aeneam
1303 2187 1380 2210 emm
1401 2178 1581 2210 Graecorum
1597 2178 1641 2209 fa-

354 2217 438 2247 bulas
459 2218 584 2254 novisse,
605 2227 658 2255 per
676 2225 710 2249 se
730 2220 833 2249 mirum
852 2218 944 2249 videri
964 2225 1020 2247 non
1040 2220 1153 2255 potest3
1174 2217 1223 2247 hic
1241 2220 1347 2253 autem,
1370 2216 1421 2260 ubi
1434 2224 1508 2260 'curn
1533 2215 1640 2248 Gnaeo

354 2254 473 2298 homine
500 2255 626 2293 loquitur
651 2256 775 2293 eiusque
803 2255 1035 2299 benevolentiam
1063 2258 1160 2293 captat
1185 2255 1345 2299 communis
1368 2261 1491 2298 originis
1510 2262 1641 2285 com-e-

353 2291 1530 2374 zaraa·aa3332÷²⁰¹¹÷0000rae¹iznt¹¹¹2⁶}·1520‘1322220130e20a0:222r‚
1544 2295 1640 2375 ”aa

351 2366 494 2397 nnuman.
517 2367 554 2397 de
574 2366 778 2398 schematibus
801 2366 877 2396 bunc
896 2374 1010 2397 versum
1030 2374 1076 2396 sic
1095 2366 1210 2397 afferat:
1231 2366 1376 2396 Electram
1396 2366 1480 2396 Grau
1495 2366 1643 2404 peritam

352 2404 497 2436 Atlantide
516 2406 636 2441 crelam,
657 2405 725 2435 inde
746 2405 822 2434 coni.
846 2404 964 2434 Electra
984 2406 1096 2441 matre,
1120 2405 1153 2434 ul
1167 2404 1331 2441 perhibent,
1353 2403 1518 2441 Atlantide,
1535 2405 1638 2436 crebue-

351 2458 391 2465 —
410 2444 554 2473 cretus.
593 2442 659 2472 vid.
681 2441 717 2471 ad
737 2441 840 2481 11‚,74.
864 2459 897 2464 —
940 2441 1003 2473 136.
1028 2441 1243 2471 Αάυεὴἱίιιτ·
1263 2441 1440 2471 Teucros.
1480 2440 1547 2472 vid.
1569 2442 1604 2473 ad
1621 2440 1640 2479 l,

352 2480 418 2511 307.
438 2480 505 2517 VII,
531 2480 597 2511 216.
626 2483 656 2511 et
674 2479 711 2509 al.
751 2479 923 2516 „Dardanus
951 2479 1011 2509 adit
1029 2479 1171 2522 Troiam„
1189 2487 1275 2517 quam
1301 2480 1415 2511 Teucer
1435 2480 1496 2509 tum
1515 2479 1641 2517 tenebat,

352 2517 453 2560 ibique
473 2517 636 2548 Dardanum
656 2516 757 2547 urbem
778 2517 925 2552 condidit,
954 2516 1014 2546 llus
1040 2520 1136 2547 autem
1156 2516 1233 2547 iilius
1249 2516 1352 2551 llium3
1386 2516 1531 2547 hactenns
1559 2518 1642 2555 igitur

351 2554 441 2592 poeta
462 2555 562 2586 dicere
580 2556 690 2592 potnit:
718 2553 828 2584 Iliacae
842 2555 956 2592 primus
994 2555 1059 2583 aler
1074 2553 1157 2583 urbis
1179 2555 1209 2583 el
1227 2554 1360 2584 auctor.“
1379 2553 1415 2584 H.
1435 2569 1473 2576 —
1495 2554 1561 2586 137.
1581 2562 1642 2586 ae-

354 2591 506 2621 therios
525 2592 552 2621 Ιι.
576 2592 642 2631 qui
662 2593 752 2622 saal.
773 2592 892 2622 orbis.
931 2592 964 2621 Vi
988 2590 1056 2629 JV,
1072 2591 1137 2622 247.
1158 2591 1259 2630 ibique
1279 2592 1433 2622 adnott.—
1456 2592 1533 2625 138..
1565 2599 1642 2623 nen
1690 2606 1692 2610 >

354 2629 522 2661 candida
540 2630 644 2661 Maia
663 2632 732 2662 cett.
771 2629 834 2661 Vid.
857 2630 894 2661 ad
915 2629 988 2672 Geo.
1008 2628 1030 2667 1,
1048 2629 1113 2662 337.
1135 2628 1205 2661 Hes.
1228 2629 1339 2667 Theog.
1358 2630 1424 2662 938.
1443 2627 1528 2662 Hom.
1569 2636 1641 2667 ymn-
