1998 3076
577 624 626 686 (3
779 626 808 685 l
962 627 1023 686 lt
1176 629 1207 688 Ι
1358 630 1402 689 Εἰ

804 780 864 812 An
896 752 1166 816 Messanam.

791 998 1170 1035 ARGUMENTUM.

334 1077 443 1144 ,Μ.
469 1102 583 1133 Valerio
610 1100 755 1132 Messalae
782 1101 950 1139 inscriptum
982 1104 1027 1133 est
1057 1110 1190 1134 carmen:
1230 1103 1319 1142 eique
1346 1104 1376 1133 iu
1404 1104 1525 1135 exordio
1550 1106 1622 1135 satis

335 1126 446 1175 diserto
467 1139 505 1170 ad
523 1148 551 1169 v.
566 1139 630 1170 100.
650 1138 722 1168 illud
742 1137 825 1181 oll'ert
844 1139 942 1177 poeta.
982 1139 1103 1172 Narrare
1122 1140 1190 1172 iude
1209 1141 1309 1178 incipit
1329 1141 1454 1172 fabulam
1465 1141 1502 1172 de
1516 1141 1622 1181 Scylla,

331 1179 395 1210 Nisi
415 1178 631 1216 Megarensium
651 1177 730 1213 regis
750 1176 815 1205 lilia.
856 1176 989 1207 Habebat
1007 1176 1093 1208 Nisus
1122 1179 1150 1208 in
1179 1179 1289 1209 vertice
1309 1179 1417 1209 crinem
1436 1187 1622 1218 purpureum,

332 1217 397 1248 urbi
418 1224 455 1246 ac
474 1222 563 1252 regno
584 1213 708 1250 fatalem,
733 1217 763 1242 ut
782 1221 815 1242 ca
837 1214 846 1242 i
866 1213 984 1251 Megara
1004 1222 1060 1244 non
1078 1218 1216 1253 possent,
1243 1216 1379 1253 quamdiu
1399 1216 1449 1247 ille
1468 1217 1622 1247 incolumis

332 1257 425 1285 esset.
462 1253 568 1289 Minos,
588 1250 694 1281 Cretae
715 1258 783 1294 rex,
805 1263 811 1279 ι
834 1258 922 1294 egara
942 1251 1043 1282 urbem
1063 1261 1149 1290 quum
1170 1252 1327 1290 obsideret,
1349 1252 1455 1291 Scylla,
1476 1261 1565 1291 quum
1584 1262 1622 1285 ex

330 1299 413 1321 muro
437 1290 511 1321 forte
531 1296 598 1319 eum
616 1290 824 1331 prospexisset,
844 1295 945 1318 insano
959 1290 1024 1319 eius
1044 1297 1143 1320 amore
1163 1293 1296 1328 correpta
1316 1293 1377 1321 est:
1397 1298 1456 1329 quo
1475 1291 1525 1321 illa
1544 1293 1622 1321 victa

329 1332 420 1359 noctu
439 1327 580 1361 surrexit,
610 1328 641 1355 nt
662 1332 770 1354 crinem
790 1325 871 1355 illum
899 1325 1014 1365 iatalem
1035 1327 1108 1356 clam
1128 1327 1326 1364 rescinderet,
1353 1335 1411 1365 quo
1439 1328 1496 1358 sibi
1515 1328 1622 1359 Minois

330 1373 461 1398 amorem
491 1363 671 1394 conciliaret.
708 1361 868 1393 Exeuntem
894 1363 1030 1393 cubiculo
1056 1364 1259 1395 animadvertit
1276 1365 1385 1402 nutrix,
1408 1364 1530 1402 Carme,
1556 1365 1620 1395 Iovi

329 1404 402 1434 olim
420 1403 526 1439 amata,
546 1408 583 1431 ex
603 1408 662 1438 quo
686 1399 736 1429 illa
746 1399 926 1441 Britomartiu
944 1404 1109 1439 pepererat.
1149 1401 1191 1432 Ea
1210 1402 1342 1433 alumnae
1355 1402 1476 1434 meliora
1495 1402 1620 1441 primum

326 1440 485 1479 persuasit,
505 1446 571 1469 mox
590 1441 686 1481 autem
708 1437 804 1467 multis
827 1436 929 1467 frustra
949 1440 1074 1475 tentatis,
1094 1440 1126 1469 ut
1145 1438 1231 1470 Nisus
1250 1440 1385 1477 pactione
1405 1439 1515 1471 bellum
1534 1448 1620 1470 com-

326 1480 463 1516 poneret,
483 1477 512 1506 iu
532 1476 674 1506 nutriciae
692 1475 864 1505 senteutiam
886 1476 1042 1506 concessit.
1081 1476 1207 1507 Resecta
1225 1478 1313 1514 igitur
1331 1476 1402 1507 Niso
1427 1484 1511 1507 coma
1530 1484 1620 1508 aurea

305 1539 308 1541 -
327 1518 437 1547 etcum
449 1514 521 1544 urbe
529 1513 618 1543 Minoi
629 1511 743 1542 tradita.
766 1511 794 1541 Is
806 1519 876 1542 vero
890 1511 1000 1542 lacinus
1012 1516 1067 1542 tam
1081 1518 1162 1543 atrox
1175 1517 1204 1544 et
1216 1514 1334 1551 impium
1350 1517 1508 1551 aversatus,
1529 1523 1618 1552 quum

325 1553 358 1583 in
381 1551 496 1586 Cretam
515 1550 631 1586 rediret,
652 1549 795 1587 puellam,
818 1556 854 1579 ne
875 1550 991 1587 piaculo
1012 1553 1089 1580 tauto
1111 1550 1235 1582 classem
1257 1552 1474 1588 contaminaret,
1493 1560 1531 1582 ue
1551 1552 1617 1581 navi

347 1589 449 1620 uidem
475 1589 608 1626 recipere
637 1586 746 1624 voluit,
776 1585 841 1630 ,sed
869 1594 906 1616 ex
937 1587 1018 1616 navis
1050 1588 1195 1618 exteriore
1222 1589 1312 1618 latere
1340 1588 1487 1624 alligatam
1515 1595 1617 1619 secum

326 1597 420 1657 auxit.
459 1625 530 1656 Tum
559 1625 611 1654 illa
639 1624 726 1653 multa
755 1623 806 1653 diu
833 1631 888 1653 con
911 1626 994 1653 uesta
1017 1625 1046 1653 in
1068 1632 1151 1655 avem
1172 1623 1260 1655 Cirim
1280 1628 1388 1655 mutata
1408 1628 1469 1655 est:
1500 1624 1616 1655 additus

324 1666 425 1695 tamen
445 1663 513 1692 mox*
534 1663 563 1693 ei
589 1663 673 1700 pater
691 1660 779 1691 Nisus
806 1661 836 1690 iu
862 1660 899 1690 ha
912 1661 1039 1691 iaeetum
1061 1664 1201 1699 mutatus,
1229 1663 1279 1700 qui
1308 1661 1395 1691 Cirim
1416 1669 1500 1692 avem
1520 1663 1617 1692 inter-

324 1701 433 1732 neciuo
454 1700 523 1730 odio
545 1697 759 1737 persequitur.“
785 1697 820 1727 H.
859 1696 989 1728 Eandem
1015 1697 1141 1728 fabulam
1170 1706 1189 1729 e
1210 1699 1331 1736 Graecis
1351 1700 1409 1728 iam
1428 1698 1616 1730 Stesichorus

324 1737 442 1776 (Schol.
464 1737 501 1767 ad
521 1736 656 1775 Apollon.
679 1735 725 1773 lv,
744 1734 825 1770 828.)
846 1737 877 1765 et
896 1733 1091 1765 Callimachus
1110 1735 1145 1764 ἐν
1164 1736 1276 1768 Αἰτίοις
1294 1735 1344 1772 (cl'.
1368 1736 1489 1765 Martial.
1508 1735 1548 1772 X,
1569 1736 1614 1773 4.)

323 1776 529 1807 tractaverant.
569 1772 613 1803 Cf.
635 1773 721 1803 etiam
742 1772 864 1802 Pausau.
883 1771 913 1810 1,
936 1772 987 1810 19,
1007 1773 1035 1803 5.
1069 1772 1095 1802 ll
1130 1773 1185 1811 34,
1210 1775 1239 1804 7.
1277 1772 1412 1811 Apollod.
1435 1772 1492 1810 111,
1513 1774 1566 1809 15,
1584 1773 1613 1805 8.

323 1812 349 1843 li
369 1813 431 1849 gin.
452 1811 472 1841 l'.
494 1811 558 1843 198.
598 1810 697 1840 Schol.
718 1809 787 1839 Eur.
808 1809 892 1847 l-lipp.
914 1809 997 1840 1200.
1038 1796 1123 1841 Ovid.
1147 1810 1216 1841 Met.
1237 1810 1311 1845 vui,
1330 1810 1380 1842 80.
1401 1812 1432 1841 et
1450 1809 1527 1847 virg.
1549 1810 1614 1841 Ecl.

322 1821 371 1886 VI,
389 1850 448 1886 74„
469 1856 505 1879 ex
524 1847 737 1879 recentioribus
756 1849 853 1877 autem
873 1846 895 1875 Ι.
916 1845 948 1876 1-1.
969 1845 1053 1877 Voss.
1080 1848 1110 1877 in
1129 1847 1224 1886 Epist.
1243 1847 1361 1886 mythol.
1385 1848 1409 1878 1.
1436 1856 1465 1885 p.
1486 1848 1552 1879 219.
1582 1851 1617 1879 et

320 1886 454 1919 Lobeck.
474 1886 505 1916 in
522 1884 722 1923 Aglaophamo
741 1884 762 1914 l.
789 1892 819 1922 p.
838 1883 895 1915 223
915 1890 959 1922 sq.

320 2119 427 2191 Etsi
450 2161 501 2186 me
523 2153 613 2196 vario
636 2153 785 2186 iactatum
807 2151 909 2186 laudis
931 2161 1040 2186 amore

394 2269 410 2299 1
431 2275 497 2306 sqq.
537 2268 592 2305 „ln
610 2269 710 2307 primis
729 2275 788 2298 vss.
808 2267 897 2306 poeta
917 2275 961 2304 se,
981 2267 1104 2299 abiectis
1124 2269 1164 2299 iis
1179 2268 1295 2306 studiis,
1316 2261 1422 2307 quibus
1440 2268 1520 2306 apud
1539 2268 1608 2298 vul·
1657 2267 1662 2272 ’

320 2313 373 2344 gns
401 2306 598 2336 inclarescere
624 2305 764 2342 voluerit,
803 2304 1006 2343 philosophiae
1033 2305 1151 2343 Epicuri
1178 2314 1296 2344 operam
1325 2307 1395 2336 dare
1423 2306 1472 2336 ait.
1520 2304 1608 2335 Color

318 2343 461 2374 orationis
479 2343 582 2372 similis
603 2347 646 2373 est
670 2341 831 2372 Catulliano
851 2344 970 2372 carmini
987 2342 1089 2372 wa‘
1118 2343 1152 2374 11.
1183 2360 1222 2366 -
1247 2343 1332 2373 Etsi
1363 2346 1441 2379 οιαὶ
1468 2342 1607 2379 apodosis

317 2380 422 2419 incipit
448 2387 466 2409 a
494 2387 522 2409 v.
543 2380 571 2422 ξ).
602 2379 666 2410 Non
695 2381 790 2410 tamen
810 2383 867 2410 etc.
907 2379 973 2409 Vss.
991 2380 1091 2411 5-8.
1120 2383 1185 2411 sunt
1203 2380 1405 2430 parenthetice
1424 2379 1606 2416 interpositi;

317 2425 409 2456 quare
429 2416 644 2448 distinctionem
667 2417 725 2446 loci
747 2425 812 2446 cum
839 2417 954 2455 Silligio
973 2419 1154 2447 mutavimus.
1193 2418 1286 2453 tulga
1306 2418 1382 2447 enim
1402 2420 1469 2454 post
1488 2423 1608 2445 carmen

315 2456 402 2492 signo
420 2454 628 2491 interrogandi,
653 2457 719 2492 post
738 2454 855 2484 labores
876 2454 1044 2491 Cummate,
1060 2458 1090 2485 et
1129 2457 1176 2484 ost
1193 2461 1299 2484 munus
1318 2453 1607 2489 Puncto'distingui-

315 2495 371 2524 tur.
393 2506 429 2514 -
464 2492 579 2521 vario
605 2492 734 2521 laudis
754 2499 897 2521 amore.
935 2491 1033 2522 Heius.
1054 2495 1084 2522 et
1130 2499 1194 2529 eyn.
1216 2491 1315 2521 malint
1336 2498 1433 2524 voum
1454 2490 1508 2520 sed
1528 2489 1605 2521 bene

312 2529 475 2560 Mitscherl.
499 2528 580 2559 Lect.
608 2531 639 2559 in
662 2529 765 2559 Catull.
795 2536 825 2566 p.
846 2529 894 2560 ⁷8.
934 2529 1027 2559 Codd.
1050 2529 1208 2560 lectionem
1226 2527 1314 2558 vario
1335 2526 1466 2552 ‘hh-”Ut
1488 2535 1525 2557 ex
1546 2527 1605 2557 ad-

312 2567 395 2600 iecto
420 2566 577 2604 iactatum,
614 2574 673 2604 quo
701 2565 790 2604 poeta
822 2566 938 2602 innuat,
971 2566 1059 2597 variis
1085 2566 1181 2597 mdis
1205 2572 1244 2598 sa
1265 2564 1286 2596 lt
1517 2565 1610 2597 risse.

549 2692 596 2739 Ψ
