1998 3076
411 329 482 366 172
853 334 887 368 P.
912 335 1071 370 VIRGILII
1095 336 1274 371 MARONIS

350 532 354 534 ’
411 500 558 579 Atque
583 545 622 569 ea
647 535 773 569 diversa
797 537 922 578 penitus
947 535 1018 569 dum
1043 538 1134 578 parte
1158 539 1320 579 geruntur,

410 584 485 617 Irim
510 583 549 616 de
573 583 664 616 coelo
690 585 773 618 misit
796 583 940 616 Saturnia
966 583 1040 616 Iuno

409 629 571 664 Audacem
596 629 636 662 ad
660 629 805 664 Turnum.
852 630 936 663 Luco
960 633 1025 663 tum
1050 629 1133 662 sorte
1157 630 1299 671 parentis

411 676 543 709 Pilumni
568 676 690 709 Turnus
714 679 838 710 sacrata
862 677 945 709 valle
972 676 1114 710 sedehat.

409 721 458 755 Ad
484 731 578 764 quem
600 723 647 754 sic
670 731 765 756 roseo
788 724 1009 757 Thaumantias
1034 731 1089 756 ore
1113 722 1219 755 locuta
1237 724 1304 755 est:
1680 720 1700 755 5

409 767 524 809 Turne,
551 767 635 810 quod
661 771 780 812 optanti
805 769 909 803 divum
934 771 1118 811 promittere
1141 774 1248 800 nemo·

408 814 571 856 Auderet,
595 815 752 850 volvenda
776 816 845 856 dies
858 825 873 857 ,·
892 825 943 859 en,
969 816 1073 849 attulit
1093 814 1187 847 ultro.

441 955 446 961 ¹
484 960 586 996 ..Quod
616 961 681 998 ipsa
712 968 758 991 res
786 960 912 991 suadere
933 961 1050 998 debuit,
1081 963 1113 990 ut
1139 970 1192 999 per
1209 960 1329 991 Aeneae
1355 960 1516 991 absentiam
1546 960 1641 990 Latini
1670 965 1698 991 et

407 996 502 1027 Rutuli
525 1001 724 1036 oppugnarent
742 998 847 1027 vallum
859 998 1054 1036 Troianorum,
1074 998 1132 1028 hoc
1146 1001 1230 1037 epico
1251 1006 1333 1028 more*
1352 998 1426 1029 deae
1442 997 1529 1028 Iridis
1550 1007 1566 1027 a
1588 998 1697 1029 Iunone

409 1036 516 1066 missae
539 1038 646 1066 monito
665 1036 797 1066 tribuitur
818 1036 934 1066 Homeri
957 1038 1090 1074 exemplo
1111 1045 1137 1065 v.
1159 1046 1185 1067 c.
1207 1036 1352 1074 Il.XVIll,
1371 1037 1433 1067 166.
1456 1039 1512 1066 etc.
1552 1037 1598 1066 Ad
1620 1037 1696 1074 poe-

407 1075 455 1102 tae
482 1072 632 1102 artificium
664 1074 879 1111 agnoscendum
908 1075 1001 1105 Servii
1024 1078 1090 1104 nota
1118 1073 1202 1104 lacit:
1231 1073 1311 1112 ‚„‚1n
1340 1075 1396 1103 hoc
1418 1073 1489 1103 libro
1511 1075 1633 1104 mutatio
1654 1077 1698 1104 est

407 1111 534 1150 omnium
556 1119 667 1145 rernin;
689 1119 753 1140 nam
777 1115 807 1142 et
827 1113 902 1142 aliae
924 1120 1066 1151 personae
1091 1116 1120 1142 et
1140 1113 1205 1141 loca
1226 1113 1282 1142 alia
1301 1116 1375 1148 sunt,
1398 1116 1427 1142 et
1448 1111 1525 1140 aliud
1548 1113 1696 1149 negotium

406 1147 553 1184 ineuntur.
593 1148 636 1177 Ab
657 1150 759 1179 Aenea
779 1151 855 1180 enim
876 1152 976 1179 transit
999 1150 1035 1179 ad
1055 1150 1195 1187 Turnum,
1217 1158 1234 1179 a
1255 1149 1360 1179 Tuscia
1379 1149 1414 1179 ad
1436 1148 1573 1184 Ardeam,
1595 1157 1613 1178 a
1637 1158 1695 1188 pe-

337 1202 348 1212 .
406 1186 508 1215 titione
532 1186 702 1215 auxiliorum
723 1186 759 1215 ad
785 1187 951 1218 bellum.““
973 1204 992 1212 -
1014 1206 1033 1212 -
1070 1187 1164 1217 Etiam
1193 1188 1263 1217 illud
1289 1188 1439 1224 praeclare
1467 1186 1588 1222 lactum,
1620 1187 1696 1224 quod

406 1229 482 1251 nunc
509 1230 556 1252 res
583 1223 703 1253 absente
731 1224 833 1255 Aenea
853 1226 977 1262 geritur,
1004 1228 1036 1255 ut
1057 1227 1120 1255 eius
1147 1226 1271 1256 adventu
1295 1233 1368 1254 nova
1395 1232 1489 1255 rerum
1513 1220 1696 1260 exspectatio

406 1258 485 1288 fiat“
524 1259 605 1289 Haec
631 1262 706 1291 inter
735 1262 791 1291 alia
817 1263 906 1300 Heyn.
930 1279 963 1283 —
1005 1264 1029 1293 1.
1058 1263 1099 1293 Ex
1119 1263 1213 1293 Servii
1235 1262 1395 1292 Commeat.
1418 1262 1575 1298 discimus,
1605 1261 1695 1292 ruisse

406 1298 456 1333 qui
481 1296 555 1326 hunc
578 1299 725 1327 transitum
747 1299 782 1328 ad
796 1308 899 1330 novum
921 1300 1024 1330 librum
1035 1309 1088 1337 per
1098 1301 1171 1330 Part.
1189 1301 1279 1338 Atque
1298 1301 1511 1337 vituperarentz
1529 1299 1586 1329 sed
1607 1298 1693 1336 quum
1717 1328 1721 1331 ,

406 1338 486 1364 arcte
507 1333 664 1366 cohaereat
685 1335 732 1365 hic
752 1337 827 1368 liber
846 1346 910 1367 cum
930 1338 1133 1375 antecedente,
1152 1339 1260 1375 quidni,
1282 1340 1314 1367 ut
1334 1338 1580 1370 continuationem
1598 1344 1693 1367 rerum

403 1372 606 1402 narrandarum
627 1373 778 1410 indicaret,
791 1375 896 1411 poetae
917 1383 933 1405 a
947 1375 1058 1413 Copula
1075 1376 1178 1405 librum
1192 1375 1317 1406 exordiri
1337 1375 1474 1405 licuerit?
1506 1373 1595 1405 Plane
1615 1374 1693 1404 idem

405 1407 476 1438 fecit
500 1410 589 1440 Valer.
613 1410 654 1440 ΡΙ.
677 1410 729 1447 1V,
759 1414 784 1442 1.
811 1414 900 1451 Atque
929 1420 964 1442 ea
992 1421 1051 1442 non
1078 1413 1170 1442 oeulis
1200 1413 1303 1442 Dicam
1327 1414 1412 1450 pater
1439 1412 1562 1449 amplius
1591 1412 1693 1450 aequis

405 1445 551 1490 Sustinuit.
582 1448 625 1479 Cf.
648 1450 735 1479 etiam
752 1449 843 1480 Hand.
859 1450 977 1480 Turs.1.
998 1459 1025 1489 p.
1039 1451 1102 1481 496.
1116 1467 1152 1472 -
1167 1451 1323 1487 pennus
1343 1450 1377 1486 (i.
1395 1456 1421 1480 e.
1442 1456 1571 1487 prorsus,
1613 1449 1691 1485 lane)

405 1483 566 1516 diversa
589 1488 717 1524 parte,
745 1488 765 1517 i.
788 1496 814 1519 e.
844 1488 909 1517 loco
938 1489 973 1518 ab
997 1489 1116 1518 Aeneae
1147 1489 1249 1518 castris
1270 1488 1475 1518 remotissimo.
1514 1486 1566 1516 Sic
1614 1487 1649 1516 cl.
1669 1486 1690 1523 1,

405 1521 451 1564 67.
475 1521 513 1552 Et
527 1525 642 1562 penitus
670 1526 727 1555 toto
754 1525 864 1555 divisos
886 1526 957 1555 orbo
976 1525 1136 1555 Britannos
1157 1529 1223 1557 cett.
1250 1542 1287 1547 —
1316 1525 1396 1555 dum
1426 1532 1468 1554 ea
1495 1526 1692 1562 yeruntur

404 1559 438 1594 (1-
461 1568 487 1591 e.
509 1569 587 1592 arina
607 1561 770 1599 offeruntur,
793 1563 900 1594 auxilia
920 1564 1021 1594 dantur
1042 1564 1114 1599 ete]
1134 1580 1153 1585 -
1172 1579 1191 1585 -
1210 1563 1326 1592 misit.
1366 1561 1430 1591 vid.
1454 1560 1489 1590 ad
1512 1561 1575 1591 Ecl.
1589 1561 1650 1599 VII,
1664 1563 1689 1593 6.

405 1596 479 1628 Geo.
500 1600 544 1636 lv,
564 1600 628 1631 560.
667 1600 741 1631 Aen.
762 1601 812 1636 ΙΙΙ,
831 1602 896 1633 616.
920 1618 951 1622 -
986 1600 1057 1630 Cum
1078 1609 1106 1632 v.
1125 1601 1153 1632 2.
1176 1600 1211 1631 cl'.
1237 1601 1343 1631 adnott.
1368 1599 1402 1629 ad
1424 1598 1470 1635 IV,
1490 1599 1546 1630 693
1566 1608 1622 1637 sq„
1643 1599 1689 1629 ubi

404 1635 492 1665 etiam
516 1637 619 1668 atl‘erre
640 1641 769 1676 poteram
794 1640 934 1669 Ammian.
952 1639 1009 1669 XX.
1030 1647 1059 1677 p.
1076 1639 1139 1670 191.
1161 1637 1230 1668 Ideo
1251 1638 1329 1675 apud
1344 1639 1447 1675 poetas
1463 1636 1583 1674 leqimus
1603 1645 1691 1674 saepe

402 1671 473 1702 Irim
493 1675 528 1705 de
548 1676 628 1705 coelo
649 1676 734 1713 mitti,
755 1685 840 1715 quum
857 1677 1055 1714 praesentium
1075 1684 1174 1706 rerum
1195 1675 1227 1712 fit
1245 1677 1339 1705 status
1356 1674 1483 1704 mulatio.
1506 1691 1539 1695 —
1579 1674 1605 1705 3.
1624 1683 1691 1711 ρα-

403 1713 538 1750 rencia,
560 1715 606 1743 avi
626 1714 673 1744 vel
694 1715 777 1744 abavi
796 1715 868 1751 [vid.
893 1714 964 1744 infra
984 1714 1016 1753 X,
1037 1715 1083 1745 76.
1106 1714 1234 1749 etsie).
1275 1713 1325 1742 Sic
1346 1713 1431 1742 enam
1453 1719 1497 1748 ap.
1512 1710 1596 1741 Ovid.
1621 1712 1688 1742 Met.

337 1763 340 1765 ·
402 1747 436 1787 V,
456 1750 521 1781 237.
538 1760 652 1788 parens
675 1760 725 1788 pro
746 1761 810 1782 avo.
852 1751 893 1781 Cl'.
917 1753 1005 1782 Caius
1024 1752 1136 1788 Digest.
1159 1751 1190 1786 L,
1213 1751 1256 1787 16,
1276 1752 1322 1781 51.
1347 1753 1376 1780 et
1395 1749 1458 1786 Ulp.
1479 1749 1550 1778 ibid.
1572 1748 1609 1786 11,
1623 1750 1648 1786 4,
1661 1750 1688 1780 4.

401 1785 517 1817 Peerlk.
539 1793 634 1819 tamen
646 1790 708 1818 sine
722 1790 797 1818 iusta
809 1797 897 1819 causa
910 1792 1003 1819 coni.:
1025 1790 1158 1818 luceium
1169 1787 1246 1826 forte
1265 1787 1416 1817 virenti.
1428 1792 1463 1807 '-
1483 1786 1688 1823 Pilumnus,

402 1826 450 1853 eui
474 1827 560 1855 etiam
580 1826 714 1855 Stercutii
732 1835 837 1856 nomen
857 1831 928 1862 erat,
949 1827 1040 1856 Fauni
1061 1826 1109 1862 lii„
1135 1827 1207 1856 deus
1230 1826 1352 1861 agrestis
1371 1827 1500 1854 veterum
1512 1823 1688 1861 Latinorum,

421 1862 461 1891 ilo
488 1864 604 1893 invento
632 1864 746 1893 rusticis
776 1868 884 1901 gratus.
924 1863 967 1893 Cl'.
997 1864 1106 1893 Nonius
1126 1863 1177 1893 XII
1223 1863 1270 1894 36.
1309 1861 1527 1899 spangenberg.
1559 1862 1596 1892 de
1617 1866 1687 1893 vett.

399 1871 476 1937 {atii
502 1901 606 1937 religg.
633 1900 738 1931 domm.
772 1910 799 1939 p.
822 1901 867 1932 65.
907 1900 1044 1932 Creuzer.
1064 1901 1155 1939 Symb.
1178 1886 1223 1930 1'V.
1253 1908 1281 1938 p.
1303 1900 1359 1930 462
1377 1907 1441 1937 sqq.
1481 1899 1585 1936 Ileynii
1614 1899 1691 1929 Exo.

399 1936 461 1967 vll.
485 1938 560 1967 adl.
583 1938 643 1968 VII.
671 1937 746 1968 Aen.
771 1942 800 1969 et
820 1938 948 1977 Klopt'eri
978 1939 1048 1968 Lex.
1077 1938 1161 1975 myth.
1183 1938 1219 1967 11.
1250 1946 1279 1975 p.
1300 1937 1365 1968 466.
1394 1953 1430 1958 -
1468 1936 1493 1966 4.
1524 1937 1688 1966 sedebat

399 1978 513 2012 spectat
533 1975 568 2014 ad
588 1976 774 2007 solitudinem
795 1980 824 2007 et
850 1978 957 2013 otium,
988 1977 1034 2006 cui
1054 1976 1175 2005 sedendi
1193 1975 1310 2009 verbum
1340 1974 1415 2004 bene
1436 1975 1580 2005 convenit.
1618 1974 1683 2004 Vid.

397 2012 499 2043 Heius.
523 2016 553 2043 et
572 2013 658 2044 Drak.
686 2014 723 2043 ad
742 2013 846 2044 Silium
865 2014 935 2050 XII,
960 2014 1004 2044 64.
1043 2013 1153 2044 Ruhnk.
1176 2013 1212 2042 ad
1234 2012 1317 2042 Ovid.
1339 2012 1405 2042 Her.
1429 2011 1511 2047 VIII,
1540 2012 1587 2043 21.
1628 2012 1686 2042 Er-

397 2052 484 2082 nestii
505 2051 584 2082 Clav.
606 2051 667 2082 Cio.
690 2059 715 2082 s.
737 2060 763 2082 v,
786 2052 902 2090 Rupert.
924 2052 959 2082 ad
980 2051 1041 2081 Liv.
1061 2051 1121 2087 VII,
1142 2050 1189 2087 37,
1210 2051 1238 2086 4.
1267 2049 1393 2080 Beneck.
1415 2049 1451 2078 ad
1473 2048 1684 2086 Iustin.XXXI,

397 2089 425 2124 4,
445 2089 472 2119 9.
494 2089 577 2125 alios,
597 2093 627 2119 et
647 2089 682 2120 cf.
703 2089 812 2120 adnott.
837 2090 873 2120 ad
894 2090 927 2127 V,
948 2090 1015 2120 440.-
1034 2106 1071 2111 -—
1097 2088 1301 2125 „saci-ala.
1340 2087 1441 2117 Moret.
1464 2086 1510 2116 IV.
1535 2091 1565 2117 et
1583 2086 1683 2117 Schol.

397 2125 471 2155 Stat.
496 2126 586 2156 Theb.
608 2126 638 2164 1,
667 2128 731 2158 104.
755 2130 869 2159 secreta
877 2137 888 2164 ‚·
923 2127 1073 2157 sollemnis
1099 2127 1233 2156 varietas.
1274 2124 1350 2161 [vid.
1373 2125 1417 2160 ΙΙ,
1447 2125 1526 2160 157.)
1566 2125 1684 2162 Alioqui

397 2162 475 2193 bene
495 2163 563 2194 ferri
604 2169 684 2202 osset
704 2169 733 2196 et
752 2165 779 2194 h.
800 2167 819 2196 l.
841 2169 869 2195 ut
887 2164 959 2203 VIII,
982 2164 1045 2195 610.
1070 2163 1109 2200 V,
1129 2163 1195 2195 613.
1225 2163 1284 2198 ΙΙΙ,
1304 2161 1389 2193 389.“
1419 2161 1454 2190 H.
1492 2162 1607 2192 Peerlk.
1632 2169 1685 2191 se-

399 2202 480 2230 creta
509 2208 578 2238 prae
593 2205 644 2231 ert.
671 2219 709 2224 —
746 2204 773 2233 5.
806 2203 1079 2237 Thaumantias
1107 2205 1227 2230 vocatur
1254 2200 1307 2229 Iris
1335 2207 1352 2229 a
1380 2199 1557 2229 Thaumante
1591 2204 1683 2237 patre,

396 2237 507 2268 Oceani
527 2240 557 2269 et
577 2238 684 2269 Terrae
704 2239 773 2275 filio,
793 2242 843 2278 qui
864 2249 927 2270 cum
951 2240 1065 2269 E¹ecira
1085 2242 1114 2269 et
1134 2238 1190 2269 Irin
1212 2241 1241 2269 et
1262 2238 1399 2274 Harpyias
1421 2238 1595 2274 procreavit.
1638 2236 1683 2267 Cf.

395 2275 466 2307 Hes.
495 2276 606 2313 Theog.
623 2277 689 2308 237.
717 2278 784 2309 265.
823 2278 955 2315 Apollod.
977 2278 1007 2314 1,
1028 2278 1063 2313 2,
1092 2277 1118 2308 6.
1153 2276 1359 2306 Thaumantias
1378 2283 1399 2304 s.
1426 2274 1612 2304 leaumantis
1633 2275 1685 2305 illa

396 2314 558 2351 appellatur
578 2316 671 2349 etiam
688 2315 770 2345 Ovid.
791 2316 859 2346 Met.
881 2316 931 2351 IV,
954 2316 1018 2346 479.
1051 2314 1096 2349 ΙΧ,
1117 2315 1183 2345 647.
1223 2313 1284 2343 Val.
1307 2312 1348 2342 Fi.
1370 2312 1451 2348 VIII,
1476 2313 1536 2342 115.
1577 2310 1682 2343 Claud.

395 2352 426 2381 R.
451 2351 529 2382 Pros.
551 2353 602 2388 III,
625 2348 650 2384 1:
691 2352 733 2381 CI.
754 2354 840 2383 etiam
862 2353 923 2381 Cic.
944 2353 978 2382 N.
1004 2353 1035 2382 D.
1058 2351 1108 2386 ΙΙΙ,
1128 2352 1173 2382 20.
1200 2368 1229 2372 -
1269 2350 1296 2381 6.
1316 2350 1409 2380 Simili
1430 2349 1591 2388 hyperbola
1612 2358 1685 2380 usus

395 2389 545 2420 Palinurus
556 2391 627 2421 Aen.
637 2390 670 2427 V,
693 2391 737 2421 17.
759 2390 845 2420 dicit:
867 2398 934 2426 non,
950 2390 977 2419 si
995 2390 1063 2419 milii
1079 2389 1186 2425 Iupiter
1207 2390 1311 2419 auctor
1323 2388 1475 2426 Spondeat,
1491 2387 1546 2416 hoc
1558 2395 1682 2423 sperem.

397 2426 440 2457 Cf.
463 2429 550 2458 etiam
569 2428 616 2463 VI,
634 2429 699 2459 553.
723 2428 872 2465 solidoque
893 2428 1049 2458 adamante
1070 2426 1236 2462 columnae,
1276 2425 1324 2455 Vis
1342 2425 1471 2456 utnulla
1490 2425 1600 2460 viram,
1622 2434 1684 2455 non

394 2464 451 2501 ipsi
478 2466 652 2496 exscindere
677 2464 762 2503 ferro
789 2464 951 2495 Caelicolae
977 2466 1111 2500 valeant3
1145 2465 1233 2495 Silius
1261 2465 1330 2500 XII,
1356 2465 1421 2496 273.
1449 2463 1500 2491 Ille
1528 2463 1589 2491 dies
1614 2464 1683 2499 pri-

394 2510 460 2531 mus
480 2504 589 2540 docuit,
617 2504 694 2542 quod
722 2504 846 2533 credere
866 2511 950 2533 nemo
970 2504 1098 2533 Auderel
1116 2502 1251 2540 Superi3;
1291 2503 1361 2532 Stat.
1386 2500 1476 2531 Theb.
1497 2500 1537 2536 V,
1558 2501 1625 2544 ⁷24.-
1657 2502 1685 2530 e!

395 2541 527 2577 expertis
546 2550 605 2571 non
625 2542 714 2571 audet
734 2541 855 2570 credere
874 2541 956 2570 Divis
976 2545 1005 2571 et
1023 2542 1134 2577 similes
1156 2543 1246 2572 locos.
1259 2555 1296 2561 —
1316 2542 1343 2571 7.
1366 2539 1562 2569 volvenda
1586 2539 1681 2575 dies,

383 2586 471 2615 uuae
490 2580 622 2609 volvitur.
661 2579 724 2610 vid.
747 2579 782 2609 ad
803 2579 825 2616 I,
847 2579 913 2610 269.
953 2579 988 2608 Et
1007 2580 1066 2616 sic,
1084 2578 1184 2609 Iahnio
1207 2580 1302 2612 teste,
1326 2580 1381 2606 iarn
1408 2576 1533 2605 Nannius
1554 2576 1681 2606 Miscell.

390 2615 426 2655 V,
446 2616 475 2648 2.
495 2617 552 2647 hoc
569 2617 755 2655 Participium
776 2616 1038 2652 circumscribendo
1060 2617 1216 2656 Partioipio
1230 2616 1395 2647 Praesentis
1414 2616 1556 2645 inservire
1581 2615 1680 2645 docet.
