1998 3076
409 324 463 363 48
856 327 892 364 Ρ.
914 327 1073 364 VIRGILII
1093 327 1274 364 MARole

502 419 628 454 Talibus
650 419 773 454 Allecto
797 419 891 454 dictis
916 423 1035 455 exarsit
1058 423 1090 455 in
1113 423 1187 455 iras.
1632 417 1689 454 445

409 468 452 501 At
474 468 581 500 iuveni
605 467 708 500 oranti
731 465 854 500 subitus
877 468 997 501 tremor
1018 470 1155 511 occupat
1178 471 1281 510 artus;

409 513 586 556 Deriguere
610 512 724 546 oculiz·
752 514 799 547 tot
822 513 937 555 Erinys
965 513 1072 549 sibilat
1103 514 1222 557 hydris,

411 560 572 602 Tantaque
596 568 633 592 se
656 559 755 592 facies
780 561 893 602 aperit.
942 559 1029 602 Tum,
1053 561 1196 596 flammea
1220 563 1372 604 torquens

410 606 548 648 Lumina,
575 607 773 639 cunctantem
798 607 832 639 et
854 608 1059 649 quaerentem
1084 606 1193 641 dicere
1215 608 1306 650 plura

409 653 544 696 Repulit,
570 653 602 685 et
623 654 765 694 geminos
788 654 893 686 erexit
915 653 1056 687 crinibus
1080 656 1200 696 anguis,
1632 648 1688 686 450

409 699 616 741 Verberaque
640 700 788 740 insonuit,
814 698 990 741 rabidoque
1014 699 1095 734 haec
1117 700 1239 735 addidit
1260 709 1332 735 ore:

409 746 467 787 En,
492 754 551 787 ego
575 746 661 778 victa
683 746 755 786 situ,
781 754 874 787 quain
895 747 964 778 veri
989 746 1083 785 effeta
1106 749 1254 781 senectus

409 792 506 825 Arma
527 792 612 825 inter
635 800 742 833 regum
772 791 853 825 salsa
877 791 1046 826 formidine
1070 792 1165 835 ludit;
1190 810 1231 816 —

409 837 545 881 Respice
570 836 609 871 ad
633 837 713 871 haec
742 852 787 858 —
811 837 920 871 adsum
946 838 1083 873 dirarum
1105 840 1145 873 ab
1170 839 1249 875 sede
1272 849 1431 881 sororum

408 884 499 918 Bella
525 892 617 918 manu
640 880 803 926 satumque
824 893 912 926 gero.
1631 880 1687 919 455

410 1031 468 1063 iam
490 1031 612 1070 Erinnys
631 1040 733 1069 anum,
762 1033 792 1061 ut
813 1029 909 1061 solent
937 1027 1080 1059 interdum
1102 1028 1160 1066 dii,
1181 1031 1212 1061 et
1237 1037 1305 1061 vera
1324 1030 1415 1061 forma
1433 1029 1560 1061 adstat.“
1590 1030 1626 1062 Η.
1659 1045 1687 1052 -

410 1069 572 1100 eoearat‘t
595 1069 634 1099 in
658 1070 753 1099 iras.
794 1067 837 1098 Gr.
868 1066 954 1110 Ovid.
976 1065 1049 1110 ‚Men
1069 1066 1110 1103 V,
1135 1067 1183 1097 41.
1214 1068 1342 1098 ardescit
1359 1069 1462 1114 vulqus
1490 1068 1522 1098 in
1541 1068 1610 1099 iras
1634 1066 1687 1106 (ubi

409 1107 468 1138 vid.
489 1106 607 1144 Bach.).
644 1106 753 1137 Lucan.
768 1105 818 1143 ΙΙΙ,
839 1104 904 1137 134.
923 1112 954 1134 ιη
970 1111 1049 1133 tram
1068 1112 1213 1135 accensus
1230 1104 1295 1142 (ubi
1315 1106 1373 1136 vid.
1395 1105 1497 1143 bort).
1537 1106 1686 1144 Hegesipp.

409 1143 471 1184 ΙΙΙ,
489 1144 516 1175 9.
545 1145 610 1174 irre
629 1144 738 1180 tiones,
766 1151 841 1181 quas
858 1142 889 1172 in
909 1142 987 1172 iram
1009 1142 1185 1172 accendebat
1199 1143 1296 1180 pudor
1316 1146 1346 1173 et
1366 1143 1480 1174 similia.
1520 1143 1585 1174 Vid.
1605 1142 1686 1175 lland.

409 1181 490 1213 Turs.
501 1181 551 1212 111.
594 1203 601 1210 .
627 1182 673 1213 22.
695 1184 726 1212 et
736 1179 769 1210 C.
783 1179 977 1211 F.Hermanni
989 1178 1141 1210 vindiciae
1157 1179 1317 1210 Latinitatis
1329 1180 1432 1219 Epistt.
1448 1179 1510 1210 Cic.
1526 1181 1564 1212 ad
1574 1181 1687 1212 Brutum.

410 1219 523 1253 (Gottin
546 1242 553 1249 .
584 1219 651 1250 844.
671 1218 715 1256 4.)
737 1227 765 1255 p.
778 1218 823 1249 27.
844 1233 880 1238 —
898 1217 963 1248 446.
986 1218 1121 1246 oranti
1151 1217 1291 1256 loquenti.
1329 1218 1395 1248 vid.
1415 1218 1464 1248 ins.
1484 1218 1518 1256 X,
1539 1219 1585 1250 96.
1606 1219 1686 1249 Plaut.

409 1257 492 1288 Most.
517 1256 577 1294 ΙΙ,
600 1257 634 1293 1,
656 1256 718 1287 152.
740 1256 777 1285 al.
799 1258 829 1286 et
851 1254 887 1284 cs.
907 1253 987 1283 Varr.
1007 1253 1037 1283 L.
1058 1253 1090 1283 L.
1107 1238 1145 1290 3³,
1165 1256 1191 1285 7.
1214 1258 1286 1286 extr.
1307 1257 1512 1286 —tremor
1531 1257 1691 1294 occupat

410 1295 522 1326 artus
540 1294 647 1330 legitur
666 1294 753 1324 eti-'un
773 1292 846 1322 intra
863 1292 910 1328 XI,
929 1291 995 1322 424.
1018 1294 1047 1322 et
1067 1299 1084 1321 a
1106 1312 1113 1319 .
1132 1291 1216 1323 Ovid.
1230 1292 1296 1324 Met.
1309 1293 1361 1330 ΙΙΙ,
1379 1294 1425 1325 40.
1443 1309 1479 1315 -
1499 1294 1566 1325 447.
1586 1293 1687 1324 Dari-

409 1339 530 1372 quere
563 1330 681 1361 oculi.
719 1329 784 1360 Vid.
811 1329 847 1360 ad
869 1328 910 1359 111
949 1328 1034 1367 260.,
1067 1337 1085 1358 u
1107 1330 1116 1358 i
1137 1330 1213 1361 adde
1235 1330 1312 1361 Coi-t.
1333 1330 1370 1361 ad
1388 1330 1497 1361 Lucan.
1517 1330 1563 1369 11,
1584 1332 1630 1364 78.
1656 1348 1687 1354 -

410 1370 486 1409 „tot
507 1369 633 1399 Erinn
666 1376 683 1398 a
702 1367 843 1397 sibilat
859 1352 1010 1405 hydris.-
1037 1367 1257 1411 nam-horrendi
1278 1375 1387 1405 angues
1408 1377 1444 1399 ex
1465 1370 1561 1407 capite
1583 1369 1688 1400 sibilant

410 1412 441 1440 et
458 1407 520 1438 dira
540 1407 615 1438 deae
643 1406 727 1436 acies
748 1412 818 1436 vera
839 1413 856 1434 a
877 1403 991 1442 paret.“
1011 1403 1047 1434 H.
1086 1404 1136 1434 Sic
1156 1405 1260 1435 Tibull.
1273 1405 1296 1443 l,
1309 1406 1337 1441 3,
1349 1407 1396 1436 71.
1416 1405 1480 1443 (ubi
1496 1405 1555 1436 vid.
1569 1406 1686 1444 nissen.)

410 1446 576 1483 serpentum
606 1443 751 1474 Cerberus
775 1450 828 1472 ore
869 1442 962 1472 m'det.
981 1478 984 1481 ,
1002 1441 1065 1472 Vid.
1091 1443 1179 1474 etiam
1199 1442 1282 1481 Prop.
1306 1442 1364 1479 111,
1384 1444 1417 1479 5,
1439 1444 1484 1474 14.
1514 1442 1687 1482 ΤιέείρΙιοιιεε

409 1499 430 1506 -
449 1498 468 1505 -
494 1480 568 1521 [urit
595 1488 689 1520 unque
721 1481 808 1517 caput
831 1483 862 1511 et
886 1480 998 1510 Similes
1026 1479 1119 1510 locos.
1159 1479 1294 1511 Ceterum
1323 1480 1359 1510 cl‘.
1384 1480 1492 1511 adnott.
1514 1481 1551 1511 ad
1572 1481 1644 1512 Aen.
1660 1481 1686 1519 V,

407 1521 476 1554 277.
512 1523 542 1551 et
582 1518 619 1550 de
658 1518 741 1548 ottho
777 1516 863 1555 aphia
902 1525 966 1547 voc.
1007 1516 1115 1555 Erinys
1153 1517 1262 1548 adnott.
1300 1517 1337 1547 ad
1367 1519 1439 1550 Aen.
1469 1518 1510 1555 ΙΙ,
1551 1519 1620 1551 337.
1657 1535 1687 1542 -

408 1558 476 1590 448.
516 1557 626 1587 tanta
657 1564 699 1586 se
750 1556 859 1585 acies
891 1554 1024 1592 aperit.
1075 1554 1231 1592 „Intellige
1263 1554 1367 1586 faeiem
1391 1556 1422 1585 in
1450 1557 1543 1587 maius
1576 1561 1687 1594 auctam,

431 1603 487 1626 uae
507 1595 574 1625 anni
595 1593 768 1629 assimilata,
797 1595 828 1622 ut
853 1595 1080 1624 consentaneum
1108 1595 1153 1623 est
1199 1600 1289 1631 parva
1316 1593 1402 1623 modo
1429 1593 1552 1625 luerat.“
1600 1594 1686 1634 Waqn.

410 1604 453 1663 Er.
474 1632 583 1663 aunon.
613 1631 648 1662 ad
669 1631 713 1668 11,
734 1630 799 1662 773.
814 1633 859 1674 ,et
877 1630 1016 1674 voss„ad
1040 1630 1113 1661 Geo.
1133 1615 1191 1667 ni,
1212 1631 1276 1662 551.
1299 1639 1327 1668 p.
1349 1631 1413 1662 671.
1452 1631 1565 1663 Peerik.
1589 1636 1688 1664 temere

410 1671 487 1701 coni.
511 1669 658 1708 Tantaque
677 1677 710 1698 se
731 1668 864 1698 rabies
884 1669 987 1705 aperit.
1015 1684 1050 1690 --
1088 1667 1153 1698 450.
1182 1668 1351 1706 Repulit,
1378 1669 1470 1706 prima
1495 1670 1607 1707 syllaba
1625 1677 1688 1709 pro-

410 1708 507 1738 ducta.
547 1707 629 1737 Haud
651 1714 715 1737 raro
736 1706 813 1737 enim
832 1705 905 1736 Part.
929 1713 977 1743 re,
1005 1713 1058 1743 per
1079 1712 1113 1736 se
1128 1705 1241 1742 brevis,
1262 1706 1291 1735 in
1313 1705 1415 1740 Verbis
1435 1708 1606 1750 compositis
1625 1709 1689 1745 (iin-

430 1746 510 1776 rimis
530 1746 559 1775 in
578 1744 664 1775 Perss'.
685 1743 795 1780 retulit,
824 1742 945 1780 reperit,
974 1743 1078 1780 repulit
1104 1745 1179 1778 etc.,
1204 1745 1358 1781 praeterea
1383 1751 1452 1774 vero
1474 1747 1563 1775 etiam
1583 1746 1613 1775 in
1635 1745 1690 1776 aliis

421 1784 518 1821 ermis,
541 1782 677 1819 adeoque
689 1782 718 1810 in
731 1780 922 1810 substantivis
946 1780 1126 1817 quibusdam,
1150 1782 1181 1810 ut
1201 1780 1311 1818 reticio,
1333 1780 1389 1810 reli
1426 1780 1474 1811 iae
1482 1784 1554 1819 etc.)
1569 1790 1586 1812 a
1604 1782 1691 1822 poetis

409 1820 552 1859 Augustei
572 1820 638 1850 aevi
658 1817 835 1856 producitur,
855 1817 879 1846 si
895 1825 959 1847 eain
979 1820 1139 1854 sequuntur
1158 1817 1233 1848 duae
1244 1817 1349 1849 breves
1360 1826 1394 1856 sy
1406 1817 1500 1856 labae,
1521 1827 1610 1857 quum
1628 1820 1691 1850 alias
1733 1822 1735 1836 ¹

407 1858 486 1889 haec
511 1857 601 1888 verba
629 1863 748 1894 prorsus
783 1855 1008 1886 excluderentur
1042 1862 1059 1884 a
1085 1862 1171 1885 versu
1198 1855 1319 1886 heroico
1349 1858 1378 1886 et
1413 1856 1558 1894 elegiaco.
1613 1857 1692 1889 Prio-

407 1904 457 1927 res
486 1897 583 1926 autem
610 1897 641 1924 et
696 1893 853 1923 osiel-iores
881 1892 986 1930 poetae
1015 1891 1061 1922 vel
1091 1896 1158 1923 ante
1191 1893 1305 1929 longam
1340 1892 1479 1930 syllabam
1515 1893 1592 1926 hanc
1645 1903 1692 1926 ro-

410 1933 577 1965 ductionem
606 1931 767 1961 admittunt.
817 1929 879 1959 Vid.
906 1929 988 1959 lahn.
1020 1929 1057 1959 ad
1087 1928 1171 1959 Ovid.
1202 1930 1285 1960 Trist.
1307 1929 1338 1968 Ι,
1368 1931 1402 1968 4,
1429 1931 1477 1962 82.
1505 1935 1536 1963 et
1563 1932 1604 1964 ad
1656 1940 1693 1963 οι,

408 1971 470 2003 Sat.
495 1970 538 2007 ΙΙ,
569 1970 603 2007 3,
635 1968 682 1999 91.
721 1967 812 2012 bach.
833 1966 869 1997 ad
889 1966 992 1997 Tibull.
1014 1966 1043 2004 Ι,
1063 1966 1099 2004 3,
1119 1967 1163 1998 12.
1207 1967 1300 1998 Thiel.
1323 1968 1359 1998 ad
1387 1969 1460 2013 Aen.
1480 1968 1521 2007 V,
1544 1971 1611 2003 598.
1639 1971 1686 2001 alii

407 2008 609 2077 imprimisgbie
628 2005 801 2037 Schneider.
823 2004 947 2035 Granun.
974 2004 1079 2049 Lat.„1.
1108 2013 1137 2042 p.
1157 2005 1212 2037 595
1232 2013 1297 2049 sqq.
1338 2005 1381 2036 Cf.
1411 2009 1498 2037 etiam
1525 2007 1636 2039 adnott·
1661 1992 1695 2038 ad

406 2046 483 2078 Aen.
506 2045 529 2084 Ι,
590 2067 597 2075 .
618 2043 666 2081 lv,
688 2044 754 2074 214.
775 2045 805 2073 et
824 2043 862 2073 al.
887 2058 922 2063 —
944 2049 1119 2080 yemznos
1139 2051 1288 2080 anqms.
1328 2042 1371 2073 Gt.
1392 2042 1430 2079 11,
1449 2043 1516 2075 203.
1536 2044 1615 2084 VllI,
1631 2044 1693 2077 289.

406 2084 475 2116 697.
499 2087 528 2114 et
541 2082 649 2113 adnott.
681 2081 718 2111 ad
737 2080 759 2117 1,
781 2081 844 2112 162.
884 2079 980 2109 Burin.
1003 2083 1113 2110 temere
1134 2081 1209 2110 coni.
1248 2081 1356 2116 etidoa;
1409 2088 1476 2112 uem
1501 2082 1560 2112 iam
1581 2082 1696 2114 Boetti-

409 2122 490 2153 cher.
511 2119 647 2151 refutavit
663 2126 722 2148 von
741 2118 794 2148 der
809 2117 1019 2148 Furienmaske
1067 2137 1075 2145 .
1095 2117 1143 2148 87.
1172 2117 1206 2147 ab
1254 2126 1318 2155 eyn.
1339 2118 1387 2148 lau
1410 2139 1437 2156 .,
1464 2119 1513 2157 qui
1534 2119 1544 2148 i
1565 2128 1602 2152 se
1624 2128 1696 2151 eon-

408 2158 477 2190 ferri
497 2157 580 2188 iubet
598 2156 682 2200 Ovid.
702 2154 950 2199 Me·t.‚1v‚1494.‚
977 2155 1026 2192 qui
1045 2125 1191 2186 Kiaronem
1220 2156 1346 2186 imitatus
1365 2156 1516 2194 scripserit
1548 2158 1607 2188 nde
1625 2158 1698 2188 duos

406 2195 513 2227 mediis
538 2192 683 2231 abrumpit
706 2192 835 2223 cnmbus
862 2200 988 2231 unques,
1019 2196 1049 2224 et
1069 2192 1139 2222 Stat.
1159 2192 1250 2224 Theb.
1274 2193 1328 2230 xl,
1350 2194 1414 2230 65.‚
1439 2193 1489 2223 ubi
1515 2203 1592 2225 unus
1612 2195 1696 2226 modo

405 2243 447 2265 an
489 2234 515 2263 is
542 2233 687 2268 exsurgat.
726 2229 918 2260 Nihilominus
946 2232 1033 2261 etiam
1053 2229 1146 2260 Peerl.
1170 2232 1199 2260 in
1219 2238 1294 2261 voce
1313 2232 1444 2269 yeminos
1461 2230 1561 2263 haesit
1579 2236 1611 2264 et
1629 2234 1697 2268 satis

409 2279 447 2302 au
469 2272 550 2301 aeter
576 2269 653 2299 coni.
680 2268 790 2306 niqros.
821 2283 856 2289 —
885 2268 1029 2298 erescit.
1068 2268 1120 2298 Sic
1146 2269 1233 2298 etiam
1261 2267 1364 2298 Claud.
1384 2269 1413 2298 in
1440 2268 1505 2300 Rus.
1527 2269 1539 2299 1
1586 2270 1635 2303 66.
1660 2270 1697 2302 de

407 2309 533 2340 Alecto:
553 2308 582 2337 et
598 2307 691 2335 tortos
706 2306 868 2341 sementum
887 2306 985 2335 crearit
1001 2306 1104 2336 hiems.
1139 2305 1200 2336 Val.
1226 2305 1268 2335 Fi.
1280 2303 1420 2344 vuiszo.
1444 2308 1519 2336 torto
1537 2293 1697 2345 &uniar-mn

408 2347 508 2377 erecta
527 2342 654 2382 flagello,
692 2343 764 2373 Stat.
785 2342 876 2373 Theb.
896 2343 977 2380 vlu,
998 2343 1063 2375 764.
1085 2344 1214 2381 rectique
1235 2345 1303 2374 ante
1322 2352 1378 2374 ora
1397 2346 1535 2375 cerastae
1559 2344 1698 2382 Velavere

409 2385 496 2415 deam
516 2384 583 2413 cett.
615 2396 646 2401 —
685 2380 751 2411 451.
781 2380 967 2416 „verbera
993 2380 1185 2417 insonuit,
1216 2381 1379 2419 concussit,
1406 2380 1522 2419 flagello
1542 2383 1696 2421 increpuit.

405 2421 557 2460 Proprium
577 2418 634 2448 hoc
655 2417 766 2454 Furiis,
795 2420 826 2447 ut
843 2419 1006 2455 expositum
1025 2426 1113 2457 supra
1134 2419 1170 2449 ad
1197 2427 1224 2449 v.
1245 2418 1311 2450 366.
1340 2422 1371 2449 et
1388 2418 1442 2456 Vl,
1464 2418 1553 2451 557.“
1579 2419 1615 2451 H.
1654 2419 1696 2452 ct

406 2457 567 2490 Botticher.
595 2456 614 2485 Ι.
637 2456 656 2486 Ι.
685 2463 713 2493 p.
733 2455 779 2486 56.
803 2458 839 2498 ‚et
863 2455 900 2486 85
921 2464 986 2494 sqq.
1015 2472 1052 2477 —
1089 2456 1156 2488 452.
1188 2455 1281 2487 Thiel.
1313 2455 1437 2487 conferri
1464 2456 1547 2489 iubet
1570 2458 1697 2490 similem

409 2495 562 2526 Claudiani
583 2494 678 2524 locum
698 2493 729 2522 in
747 2491 840 2522 nunu.
862 2492 884 2529 Ι,
904 2493 970 2525 357.
991 2509 1028 2515 -
1064 2494 1129 2525 454.
1157 2493 1319 2531 Respice
1346 2494 1394 2524 ad
1418 2495 1533 2531 ltaec,
1565 2495 1603 2526 ad
1622 2495 1700 2527 haec

405 2533 544 2569 insignia,
563 2539 639 2570 quae
658 2531 776 2569 propria
794 2533 862 2560 sunt
880 2530 1036 2561 Furiarum.
1075 2531 1126 2561 Sic
1144 2532 1175 2561 in
1195 2530 1295 2561 Claud.
1324 2531 1390 2561 loco
1411 2531 1498 2561 modo
1528 2533 1608 2563 laud.
1637 2533 1701 2564 Hac

407 2570 519 2601 lumina
536 2567 628 2607 flecte.
647 2584 685 2591 -
706 2568 847 2598 adsum.
884 2568 999 2600 Peerlk.
1022 2572 1169 2606 comparat
1180 2568 1270 2600 verba
1289 2569 1399 2607 antiqui
1418 2569 1524 2607 poetae
1541 2570 1620 2608 apud
1635 2570 1698 2603 Cic.

407 2607 496 2639 Tusc.
516 2606 544 2646 1,
567 2606 613 2640 16.
632 2605 757 2643 Adsum,
784 2606 870 2644 atque
889 2606 1014 2637 advenio
1032 2605 1204 2637 Acheronte.
1232 2622 1267 2628 -
1298 2606 1474 2638 dirarum
1502 2615 1698 2643 sororum.
