1998 3076
427 313 481 353 44
875 321 911 356 Ρ.
934 320 1094 356 vinc-lut
1115 321 1292 357 MARONIS

404 454 408 460 .
429 410 567 446 Audacia
585 412 689 448 Rutuli
713 413 753 448 ad
777 423 893 456 muros,
919 429 965 461 '‘·'.
988 423 1080 457 quam
1103 414 1220 449 dicitur
1242 414 1354 450 urbem

428 458 625 493 Acrisioneis
648 460 755 494 Danuii
779 460 930 494 fundasse
953 461 1086 503 colonis,
1110 478 1158 484 -
1652 458 1706 498 410

428 504 599 549 Praecipiti
623 505 728 540 delata
750 507 844 540 Noto.
893 507 994 541 Locus
1016 507 1121 541 Ardea
1146 507 1303 550 quondam

428 551 539 586 Dictus
563 553 648 593 avis3
675 554 708 586 et
730 561 812 587 nunc
837 562 978 596 magnum
1002 556 1091 587 tenet
1113 554 1219 589 Ardea
1240 563 1373 595 nomem

427 686 587 724 Boettiger.
614 695 673 717 von
698 688 751 718 der
777 688 996 719 Furtenrnaske.
1037 688 1114 726 [Vid.
1146 689 1233 720 etiam
1259 689 1309 718 inf.
1329 688 1397 726 xit,
1415 689 1485 722 848.
1517 691 1551 722 et
1571 689 1667 722 Claud.
1681 690 1704 721 i!

426 724 491 755 llul'.
512 725 540 762 Ι,
563 725 625 756 122.
657 725 694 756 de
713 725 867 763 Megaera:
896 726 1038 765 Piqraque
1055 727 1171 756 veloces
1198 734 1254 764 per
1275 725 1402 757 Tartara
1423 728 1555 757 concth
1573 727 1661 766 alam]
1675 742 1702 750 -

426 762 492 794 410.
512 762 612 793 Danae
632 764 737 802 igitur,
767 764 873 793 Acrisii
893 763 962 801 tilia,
983 772 1048 793 cum
1067 764 1183 802 Argivis
1203 764 1289 802 fugae
1310 764 1466 795 comitibus
1485 765 1555 795 navi
1576 769 1657 797 vecta
1674 763 1702 795 ad

427 799 594 830 Rutulorum
613 801 681 831 litus
702 801 850 839 appulisse
871 804 900 832 et
919 801 1045 832 Ardeam
1067 802 1244 833 exstruxisse
1268 801 1382 832 dicitur.
1420 801 1486 832 vid.
1507 801 1582 833 Exc.
1602 802 1658 833 vu.
1674 801 1702 833 til

426 836 454 867 ii.
475 837 515 867 l.“
536 837 571 868 H.
610 838 735 870 Ardeam
763 846 779 868 a
800 839 885 870 Peles
905 840 930 869 is
950 839 1095 869 conditam
1116 846 1185 870 esse
1214 839 1316 877 probat
1334 839 1409 871 baec
1425 839 1534 878 sabula,
1555 843 1591 871 ut
1607 840 1703 872 videm

425 874 583 919 Niebulirio
604 876 686 906 Rom.
705 875 807 907 Gesclt.
846 847 913 907 Vei
928 877 951 907 Ι.
972 885 1002 915 p.
1023 877 1071 908 50.
1095 885 1112 907 a
1132 876 1233 914 Wagu.
1254 875 1379 907 laudato-
1399 894 1435 900 -—
1462 877 1702 908 Acrisioneis

426 915 473 943 est
495 912 692 943 Nominativus
711 913 858 945 Adiectivi
897 918 986 944 atron.
1007 914 1043 943 ad
1063 913 1181 944 Danaen
1202 913 1383 951 referendus,
1403 922 1460 944 non
1470 914 1625 946 Ablativus
1641 915 1701 946 Plur.

425 950 571 982 Adiectivi
592 951 780 981 Acrisioneas
800 952 872 989 [quo
912 952 1037 989 legimus
1057 959 1104 989 ap.
1125 951 1198 982 Ovid
1231 951 1300 982 Met.
1313 951 1347 988 V,
1366 951 1431 983 238.
1472 951 1589 982 Colum.
1601 951 1633 991 X,
1650 952 1701 984 205-

426 991 458 1019 et
474 987 527 1018 Sil.
553 988 586 1025 1,
606 988 689 1027 661„
717 988 767 1019 ubi
796 990 888 1027 ipsius
914 990 1031 1020 Ardeae
1052 990 1124 1019 muri
1144 993 1283 1020 vocantur
1309 989 1486 1026 Aer-istam)
1519 997 1587 1021 cum
1607 989 1702 1021 com

422 1027 653 1063 coniungendus.
693 1026 830 1058 Ceterum
859 1026 960 1064 Wagn.
988 1035 1039 1064 pro
1068 1027 1219 1057 commate
1245 1027 1274 1056 in
1294 1026 1351 1058 sine
1372 1034 1474 1058 versus
1494 1026 1593 1057 Coton
1611 1027 1701 1066 posuit.

424 1067 553 1131 2¹:35²?
567 1067 732 1139 ἒὲψέἓὲῖῗ
741 1063 1209 1140 *rgssfflffiuff‘ssii‘ossff‘sss‘sfflt
1223 1065 1417 1139 tutatuta
1434 1063 1701 1134 “missiset

425 1146 514 1169 causa
532 1123 625 1169 ¹verba
652 1147 737 1177 quam
767 1140 872 1169 ficitur
891 1143 960 1171 cett.
990 1143 1133 1177 tamquam
1154 1139 1355 1177 parenthetice
1379 1139 1496 1170 adiecta
1517 1139 1637 1172 lineolis
1654 1138 1701 1170 atl-

424 1177 511 1214 pictis
541 1184 558 1205 a
578 1179 685 1207 ceteris
713 1177 900 1208 seiunximus.
940 1177 1053 1208 Peerlk.
1079 1179 1185 1213 tamen,
1207 1177 1257 1208 Wa
1280 1177 1341 1208 ueri
1368 1178 1509 1207 rationem
1537 1177 1600 1208 vitu
1621 1183 1700 1214 eran.

425 1213 503 1250 quod
522 1212 598 1244 haec
615 1214 704 1244 verba
724 1216 809 1244 nimis
831 1215 888 1252 (ἲ)
907 1218 1020 1245 remota
1039 1216 1096 1245 siut
1118 1214 1224 1245 abillis
1266 1222 1303 1244 ea
1323 1214 1429 1244 tollitur
1449 1214 1515 1252 alis,
1537 1214 1577 1245 ad
1623 1213 1701 1245 auth

425 1258 462 1280 ea
482 1249 587 1287 refert,
616 1254 648 1280 ut
666 1259 761 1281 sermo
782 1253 820 1281 sit
840 1252 877 1282 de
901 1253 1005 1283 itinere
1030 1253 1180 1289 maritimo,
1204 1256 1234 1283 et
1260 1252 1380 1281 Danaae
1399 1256 1476 1281 trans
1499 1259 1581 1283 mare
1601 1258 1637 1284 eo
1654 1258 1700 1283 re-
1717 1266 1722 1270 ·

424 1288 505 1319 nisse
524 1287 712 1325 significetur.
735 1305 771 1311 —
808 1290 860 1320 411
884 1297 949 1328 sqq.
979 1288 1071 1326 „Urbs
1090 1290 1159 1319 olim
1182 1290 1260 1320 dicta
1279 1297 1296 1319 a
1315 1289 1490 1333 maioribus,
1521 1289 1626 1326 avie,
1650 1289 1700 1319 Ar-

424 1324 496 1362 dea3
518 1329 614 1357 manet
635 1333 672 1357 ea
690 1325 758 1356 urbs
778 1328 933 1358 etiamnum
954 1335 1086 1364 magnum
1107 1335 1222 1363 nomen,
1242 1327 1271 1357 h.
1289 1335 1315 1358 e.
1339 1327 1396 1357 loci
1415 1334 1521 1358 nomen
1541 1327 1638 1357 adhuc
1652 1333 1700 1356 uc-

423 1363 483 1395 bile
505 1367 551 1394 est
570 1366 688 1401 propter
708 1368 838 1395 veterem
857 1365 942 1394 Turni
969 1368 999 1396 et
1019 1365 1184 1395 Rutulorum
1213 1364 1333 1401 samaim
1360 1364 1430 1401 sed,
1460 1364 1567 1402 opibus
1587 1365 1644 1395 auti
1679 1363 1685 1369 “

425 1400 549 1438 deletis,
578 1402 635 1431 iam
653 1401 778 1431 Maronis
806 1405 935 1440 tempore
957 1402 1055 1433 Ardea
1084 1410 1149 1432 cum
1169 1403 1272 1433 vicinis
1303 1402 1375 1433 locis
1405 1402 1469 1431 solo
1495 1409 1531 1432 ae
1555 1405 1625 1433 uate
1673 1400 1697 1430 ’t

421 1438 485 1469 vid.
512 1439 606 1469 Strab.
628 1438 662 1469 V.
692 1447 721 1476 p.
741 1439 806 1470 232.
833 1440 876 1477 [et
893 1439 994 1478 249.]“
1021 1439 1054 1470 H.
1102 1440 1198 1475 Quare
1224 1442 1311 1471 etiarn
1333 1439 1420 1470 Silius
1440 1439 1469 1476 1,
1499 1440 1567 1470 29:.
1597 1438 1699 1477 scripsit

421 1484 501 1545 33:1¹3
518 1476 598 1544 ²¹2²?
615 1478 777 1545 zt'tss'zt
792 1484 820 1545 ⁰1·
841 1477 1154 1546 ⁶=¹÷¹31¹¹⁵·„”¹'l¹x³¹'il³‘⁹¹
1173 1485 1334 1546 milam}
1356 1479 1450 1545 ⁶¹2⁵&
1482 1476 1614 1545 Vliet?
1629 1475 1697 1545 ΒΕ

421 1551 521 1581 Ardea
543 1567 562 1574 -
581 1567 601 1574 -
618 1567 637 1574 -·
655 1551 754 1582 Ardea
774 1536 879 1582 nornen
894 1524 1106 1591 'iriterpre’tibus
1124 1524 1305 1582 o'uibustm
1335 1537 1384 1583 ine
1405 1536 1435 1582 ’ta
1461 1552 1526 1582 visa
1543 1555 1627 1589 sunt,
1652 1549 1697 1580 nisi

423 1588 497 1620 forte
516 1596 572 1619 vox
590 1589 689 1620 Ardea
708 1589 853 1627 duplicem
881 1590 1122 1627 significationem
1165 1590 1252 1621 abeat
1282 1594 1312 1621 et
1332 1598 1360 1620 v.
1405 1589 1447 1621 12.
1469 1589 1527 1619 alio
1547 1597 1638 1620 sensu
1655 1587 1695 1618 dl-

424 1630 522 1663 catur,
548 1634 632 1664 quain
655 1635 682 1658 v.
702 1628 784 1664 411.;
813 1635 903 1666 quare
924 1629 1011 1658 etiam
1030 1627 1145 1658 Wakel'.
1171 1636 1208 1658 ex
1234 1628 1377 1657 nonnullis
1398 1626 1491 1658 Codd.
1515 1626 1613 1658 edidit
1631 1627 1698 1658 tous

422 1664 525 1694 Ardua
545 1665 689 1702 quondam
710 1683 728 1690 -
748 1683 767 1690 -
787 1667 888 1696 manet
903 1665 1003 1701 Ardea
1022 1673 1138 1696 nomen.
1178 1665 1240 1695 Vid.
1266 1665 1376 1696 Wakes.
1400 1665 1471 1696 Silv.
1495 1663 1566 1695 Crit.
1585 1665 1618 1696 V.
1636 1662 1697 1702 p.4.

421 1701 483 1733 Sed
504 1701 592 1732 verba
613 1704 643 1733 et
656 1711 734 1733 nunc
753 1711 790 1733 m.
812 1705 830 1733 t.
850 1703 950 1733 Ardea
971 1711 1076 1733 nomen
1095 1711 1153 1733 non
1172 1706 1230 1733 tam
1251 1702 1512 1741 praecedentibus,
1545 1710 1632 1746 quam
1649 1707 1698 1740 po-

423 1741 482 1770 tius
502 1746 584 1778 seqq.
606 1740 704 1771 verbis
725 1741 779 1770 sed
793 1739 914 1778 fortuna
932 1739 988 1778 fuit
997 1742 1133 1778 opposita
1152 1743 1228 1777 sunt,
1249 1743 1280 1770 ut
1291 1740 1366 1771 haec
1385 1741 1424 1770 sit
1434 1743 1596 1770 sententia:
1618 1740 1700 1776 Quu-

420 1777 505 1807 locus
532 1778 676 1815 quondam
703 1781 822 1816 propter
847 1779 1028 1809 nobilitatem
1054 1786 1135 1809 suain
1162 1786 1179 1808 a
1204 1778 1361 1808 maioribus
1380 1777 1478 1808 Ardea
1504 1776 1602 1808 dictus
1621 1777 1700 1812 osset,

420 1817 601 1887 lgiplfiwie
613 1815 1166 1889 immitti’noitttthssttaffite‘tsst
1192 1818 1319 1884 Ἓξὲξὲῐ,
1339 1813 1701 1883 ἓηιίῐῃῗῗιῗῑέῗὲᾞαὲῗ

422 1875 496 1920 sede
518 1874 621 1920 v'ersus
635 1874 775 1921 'iteratum
795 1898 852 1920 non
871 1893 969 1928 potest
989 1891 1148 1922 ostendere.
1161 1875 1169 1883 ⁹
1188 1890 1231 1920 uf.
1252 1891 1327 1922 Aen.
1348 1890 1376 1927 1,
1397 1889 1454 1921 552
1472 1897 1516 1933 sq.
1536 1889 1590 1928 111,
1611 1890 1658 1921 31.
1675 1891 1701 1919 et

421 1926 468 1958 33.
489 1926 544 1958 359
556 1935 599 1964 sq.
620 1927 666 1964 IX,
686 1928 767 1958 5:31s
791 1951 798 1957 .
820 1927 850 1966 X,
871 1929 927 1960 708
941 1936 985 1966 sq.
1007 1932 1064 1959 etc.
1103 1928 1182 1958 Iahn.
1204 1929 1340 1966 adnotat,
1361 1928 1496 1958 illustrari
1515 1926 1595 1957 huuc
1614 1926 1701 1958 locun

421 1965 628 2003 epigrammate
648 1964 762 1995 Anthol.
807 1968 843 1995 at.
863 1966 922 2003 111,
944 1966 968 1996 1.
998 1966 1094 1996 Burin.
1113 1967 1192 2004 (876.
1224 1973 1268 2004 ap.
1291 1965 1425 2003 Messon),
1450 1964 1499 1994 ubi
1525 1963 1562 1995 de
1584 1963 1702 1995 Graecia

421 2004 548 2033 canitur:
570 2018 589 2024 -
608 2018 627 2024 -
646 2002 738 2033 Fama
755 2005 860 2040 manet,
880 2001 1000 2040 fortuna
1012 2004 1109 2041 parim
1134 2004 1208 2034 cinis
1217 2004 1279 2042 ipse
1289 2003 1412 2033 iacentis
1428 2001 1535 2032 Visitur
1553 2003 1582 2032 el
1600 2000 1701 2033 annulo

421 2041 468 2070 est
494 2048 572 2070 nunc
598 2048 710 2078 quoque
736 2048 827 2071 sacra
854 2049 919 2070 suo.
958 2041 1076 2079 Eaeiqua
1102 2042 1224 2079 inqentis
1250 2041 1358 2072 retinet
1381 2039 1501 2078 vestiqia
1520 2037 1638 2077 famae,
1669 2037 1703 2069 ut

419 2086 554 2117 magnum
578 2076 685 2115 infelix
710 2078 754 2108 nil
778 2079 837 2108 nist·
859 2086 964 2108 nomen
991 2079 1085 2109 ltabel.
1125 2079 1260 2109 Ceterum
1280 2080 1400 2113 tenet,
1421 2078 1498 2115 quod
1519 2085 1585 2107 curn
1605 2076 1703 2115 Wagn-

420 2116 621 2146 revocavimus
650 2119 680 2147 et
709 2116 860 2146 nobiscum
889 2116 979 2155 Siipll.
1000 2117 1130 2154 recepit,
1159 2117 1247 2148 lectio
1279 2121 1325 2148 est
1343 2116 1421 2147 Med.
1453 2123 1470 2145 a
1496 2123 1535 2145 m.
1557 2123 1603 2152 pr.
1625 2114 1703 2145 Rom.

420 2153 601 2191 aliorumque
631 2157 753 2191 quatuor
772 2152 883 2191 Codd.,
904 2154 999 2185 Servii
1026 2158 1056 2184 et
1079 2154 1178 2185 Scliol.
1209 2155 1294 2191 Maii,
1327 2162 1403 2192 quae
1431 2152 1545 2183 facilius
1570 2154 1603 2183 in
1629 2152 1704 2190 vulg.

418 2192 519 2220 inanet'
535 2192 637 2221 mutari
657 2194 787 2229 poterat,
817 2199 900 2229 quam
921 2195 1029 2222 contra.
1066 2191 1132 2222 Vid.
1153 2192 1225 2222 infra
1246 2193 1282 2223 ad
1302 2199 1330 2222 v,
1347 2192 1412 2223 444.
1451 2190 1611 2222 verissime
1631 2191 1703 2222 eui-

417 2227 520 2266 Wagn.
540 2232 652 2271 censet,
672 2229 818 2266 vulgatam
836 2230 928 2261 videri
948 2230 1232 2267 interpretamentum
1251 2237 1340 2260 verae
1363 2229 1512 2265 lectionis,
1533 2237 1592 2267 quo
1613 2228 1703 2259 libra·

417 2265 479 2296 rius
508 2265 613 2303 aliquis
641 2266 770 2297 indicare
798 2268 941 2304 volucrit,
961 2269 1075 2305 tenere,
1097 2268 1133 2298 de
1153 2268 1225 2298 urbe
1249 2268 1346 2298 deleta
1365 2269 1549 2305 usurpatum,
1582 2265 1634 2296 bie
1651 2273 1705 2295 nou

417 2303 512 2341 prima
530 2303 741 2340 significatione
761 2304 962 2343 accipiendum
983 2313 1060 2342 esse,
1082 2305 1136 2336 sed
1157 2304 1305 2343 perstandi
1326 2308 1355 2336 et
1375 2304 1510 2336 manendi
1535 2304 1594 2334 vim
1614 2304 1704 2334 susti-

416 2348 507 2379 nere;
540 2340 577 2371 de
597 2349 655 2379 qua
674 2341 757 2371 verbi
777 2345 920 2379 potestate
943 2342 1001 2371 vid.
1022 2342 1138 2380 Rupert.
1168 2343 1203 2372 ad
1225 2343 1286 2372 Liv.
1310 2342 1331 2379 l,
1350 2343 1378 2380 4,
1398 2343 1426 2374 9.
1449 2345 1479 2373 et
1497 2342 1516 2371 S
1539 2342 1647 2379 alding.
1667 2340 1704 2372 ad

417 2379 531 2415 Quinct.
553 2379 621 2409 lnst.
643 2379 687 2416 11,
710 2379 736 2409 1.
759 2380 797 2409 in.
825 2382 855 2410 et
873 2379 956 2416 vm,
982 2380 1009 2410 5.
1031 2380 1070 2410 in.
1109 2380 1246 2419 Maynmn
1272 2381 1359 2417 igitur
1384 2387 1490 2410 namen
1532 2380 1704 2410 ominativus

417 2419 471 2453 est,
491 2424 547 2447 non
567 2416 770 2447 Accusativus.
809 2416 890 2447 latin.
918 2418 1037 2447 retinuit
1055 2418 1211 2449 lectionem
1229 2420 1341 2455 manet,
1371 2425 1456 2456 quam
1482 2418 1570 2448 etiarn
1589 2415 1703 2449 Peerlli.

416 2454 554 2491 defendit,
571 2454 690 2485 alteram
706 2454 876 2491 scripturam
889 2462 925 2485 ex
945 2454 1020 2485 male
1039 2456 1213 2492 transposita
1231 2456 1330 2485 ultima
1351 2454 1485 2485 vocabuli
1505 2454 1618 2492 syllaba
1636 2455 1705 2486 satis

418 2491 577 2524 artificiose
596 2492 756 2530 explicans.
796 2491 931 2536 Ceterum
951 2491 1028 2522 idem
1048 2493 1096 2522 Vir
1124 2493 1198 2523 doct.
1221 2493 1332 2524 confert
1351 2493 1433 2524 Ovid.
1453 2493 1522 2524 Met.
1542 2493 1608 2532 XV,
1639 2492 1704 2525 4³0.

420 2529 497 2565 Quia
513 2530 692 2560 Pandioniae
717 2531 831 2560 restant
854 2538 910 2559 msa
937 2537 1043 2560 nomen
1066 2530 1194 2560 Athenae
1218 2531 1320 2568 (quem
1341 2539 1456 2562 versum
1476 2539 1494 2561 a
1514 2530 1706 2562 Grammatico

416 2567 515 2606 aliquo
543 2575 579 2598 ex
603 2567 661 2597 hoc
688 2569 752 2605 ipso
779 2567 893 2605 Virgilii
921 2567 987 2597 loco
1016 2566 1160 2598 adiectum
1180 2570 1275 2605 putat)
1304 2571 1333 2600 et
1360 2569 1507 2606 Siinphos.
1536 2569 1651 2600 Gallum
1676 2569 1707 2598 iu

415 2605 490 2637 libro
501 2605 717 2643 Aenigmatum:
737 2604 848 2637 Nomen
861 2605 973 2636 haben-5
986 2605 1133 2636 hominum
1148 2608 1217 2643 post
1233 2606 1334 2638 ultima
1354 2604 1419 2645 fata
1438 2606 1576 2645 remansi,
1597 2606 1707 2638 Nomen
