1998 3076
366 321 443 364 128
505 299 510 305 >
799 330 833 365 P.
857 329 1019 365 VIRGILII
1040 329 1220 366 monis

367 422 578 465 Testaturque
601 421 705 456 locum
728 424 762 456 et
784 422 881 457 letum
904 423 1000 458 docet
1022 424 1158 467 hospitis
1181 424 1267 468 Argi.

366 467 450 502 Hinc
472 468 511 502 ad
535 468 701 511 Tarpeiam
724 468 834 503 sedem
858 471 892 504 et
914 470 1071 513 Capitolia
1096 470 1194 513 ducit,

365 514 471 549 Aurea
492 523 597 556 nunc,
620 515 693 549 olim
717 515 917 549 silvestribus
941 516 1070 550 horrida
1093 516 1207 551 dumis.

364 560 431 595 Iam
454 563 518 594 tum
540 561 653 603 religio
676 561 810 604 pavidos
835 563 976 596 terrebat
999 564 1134 605 agrestis

364 607 441 641 Dira
464 608 545 649 loci;
569 609 632 641 iam
657 610 719 641 tum
745 608 855 641 silvam
879 618 1054 651 saxumque
1077 609 1265 644 tremebant.

365 653 433 687 Hoc
456 661 586 696 nemus,
611 653 712 696 hunc,
737 656 855 697 inquit,
881 655 1034 689 frondoso
1058 658 1182 689 vertice
1206 655 1332 699 collem,

365 699 445 740 Quis
467 699 561 742 deus,
586 701 741 734 incertum
764 703 831 743 est,
856 700 977 736 habitat
1002 701 1098 743 deus;
1122 701 1264 736 Arcades
1287 704 1391 745 ipsum

365 745 505 780 credunt
524 755 560 780 se
584 746 706 781 vidisse
731 747 857 789 Iovem,
882 756 954 782 cum
977 757 1077 791 saepe
1099 750 1279 791 nigrantem

364 894 423 925 tom
446 892 560 930 oribus,
590 890 641 922 ubi
669 892 732 922 erat
751 890 924 922 undecimae
943 892 1073 929 regionis
1099 892 1175 923 inter
1194 891 1309 923 Circum
1329 892 1404 923 Max.
1426 895 1456 924 et
1473 894 1494 923 A

363 931 455 962 biblo
476 931 602 966 clarum,
622 931 752 959 sutorum
769 928 950 967 aliorumque
971 937 988 959 o
1011 929 1108 960 ilicum
1129 930 1256 961 tabernis
1277 930 1487 968 frequentatus.

363 969 423 1000 Att.
496 990 503 1005 ,
523 968 571 999 32.
590 966 672 997 Mart.
692 966 716 1003 1,
738 966 800 1003 118,
819 966 848 997 9.
869 966 907 1011 II,
928 967 973 1010 17,
991 937 1023 998 g.
1045 967 1069 1005 1,
1088 968 1115 1005 4,
1138 968 1163 998 1.
1184 968 1220 998 al.
1240 986 1277 992 -
1305 968 1372 1000 346.
1396 967 1494 999 Test.

364 1006 485 1037 locum
502 1005 605 1043 Wagn.
626 1007 707 1036 recte
728 1011 792 1033 cum
814 1003 917 1035 Servio
936 1007 1154 1042 interpretatur:
1187 1008 1345 1042 „monstrat
1364 1006 1479 1044 locum,

362 1051 448 1082 quam
467 1043 506 1074 ad
525 1043 722 1074 testimonium
741 1044 846 1072 vocato
866 1042 975 1072 crimen
994 1041 1166 1073 laesi·iuris
1194 1042 1348 1080 hospitalis
1369 1051 1387 1073 a
1409 1051 1465 1073 sua
1489 1054 1494 1072 ι

362 1081 510 1112 moveat.⁴‘
531 1080 646 1111 Peerlk.
667 1080 732 1110 sine
751 1080 828 1109 iusta
847 1087 936 1109 causa
955 1082 1044 1109 totum
1063 1087 1186 1117 versum,
1208 1082 1256 1118 qui
1277 1081 1405 1117 glossam
1425 1082 1493 1119 sapi

363 1119 454 1149 malit.
473 1134 510 1142 --
538 1118 735 1155 ‚mospius
759 1116 873 1157 Aqu
907 1117 1055 1155 adoptavit
1083 1117 1170 1155 poeta
1195 1121 1326 1149 veterem
1354 1117 1484 1149 rabulam

383 1156 496 1193 nodam,
518 1156 642 1194 hospitio
663 1153 698 1184 ab
720 1153 853 1184 Evandro
873 1157 997 1192 excepto
1018 1157 1048 1185 et
1068 1162 1104 1185 eo
1124 1156 1217 1185 inscio
1238 1154 1274 1185 ab
1294 1155 1459 1187 Arcadibus
1479 1164 1494 1187 c

362 1164 460 1229 guare
479 1194 566 1224 etiam
590 1201 637 1230 ap.
656 1192 816 1223 Martialem
837 1192 867 1222 ΙΙ.
890 1192 920 1222 ΙΙ.
956 1192 1028 1230 Arqi
1045 1192 1131 1222 letum
1178 1201 1210 1223 er
1228 1193 1334 1223 tmesin
1354 1194 1493 1232 scriptum

361 1232 421 1262 Alii
440 1231 558 1270 Arqilett‘
575 1237 680 1260 nomen
700 1229 736 1259 ab
757 1229 863 1268 arqilla
883 1228 1038 1260 deducunt.
1079 1228 1122 1259 Cf.
1170 1238 1233 1260 arro
1254 1230 1273 1259 l.
1295 1231 1314 1260 Ι.
1335 1247 1371 1253 -
1397 1231 1464 1262 347.
1488 1230 1494 1260 1

362 1269 487 1299 sedes.
527 1267 706 1305 Capitolinus
727 1268 802 1298 enim
826 1274 908 1297 mons
927 1270 993 1298 ante
1011 1267 1106 1298 Servii
1126 1267 1210 1297 Tullii
1230 1270 1371 1306 tempora,
1393 1268 1494 1306 quibui

362 1313 430 1336 men
450 1305 575 1343 accepit,
595 1303 753 1335 vocabatur
773 1304 922 1343 Tarpeius,
943 1312 979 1335 ex
1003 1304 1182 1343 quorundam
1201 1305 1365 1336 narratione
1389 1313 1407 1336 a
1429 1304 1487 1337 Ta.

361 1341 807 1416 ss⁸¹iitl3¹g¹¹32tsssstussssgg¹{’
825 1342 1446 1418 ”iffiofl‘c'ffissi'ssi'a⁵3303ssmp¹33ffl¹i¹1ief⁹ssi
1456 1364 1494 1411 ‘v

360 1418 409 1450 iv.
452 1440 461 1449 .
485 1419 529 1450 13.
569 1417 632 1448 Liv.
652 1417 674 1455 1,
693 1417 739 1455 11,
761 1418 779 1449 e
798 1402 841 1455 ἐς.
881 1417 958 1447 rior.
976 1417 1000 1451 1,
1022 1418 1049 1448 1.
1087 1416 1149 1449 vm.
1169 1417 1243 1447 Max.
1265 1417 1318 1454 lx,
1338 1417 1372 1454 e,
1396 1419 1420 1449 1.
1461 1417 1494 1449 o·

360 1456 383 1493 1,
405 1427 459 1488 231
481 1464 496 1486 s
520 1478 528 1486 .
548 1455 651 1492 ibique
672 1454 780 1498 Gierjg.
803 1458 833 1485 et
851 1454 938 1484 Bacb.
959 1454 996 1484 ad
1015 1454 1100 1485 Ovid.
1120 1454 1190 1485 Met.
1209 1454 1280 1492 XIV,
1300 1455 1364 1486 776.
1386 1455 1441 1485 Pro
1465 1458 1494 1487 te

360 1494 473 1532 Iupiter
492 1463 672 1531 &pitolinus
692 1493 787 1530 poetis
806 1492 949 1523 interdum
968 1496 1088 1522 vocatur
1108 1491 1262 1529 Tarpeius,
1282 1495 1314 1522 ut
1335 1492 1421 1523 Ovid.
1466 1501 1494 1524 as

359 1530 459 1562 Iuven.
479 1530 548 1567 XII,
567 1530 594 1561 6.
635 1529 679 1560 (Ji.
711 1530 798 1560 etiam
828 1530 918 1559 Silius
944 1529 987 1566 X,
1014 1529 1081 1561 433.
1104 1533 1134 1561 et
1158 1530 1227 1568 XII,
1250 1531 1316 1561 517.
1345 1545 1381 1552 -
1419 1530 1487 1563 348.

359 1576 431 1599 auro
451 1571 566 1605 ornata;
595 1570 626 1597 ut
653 1569 741 1598 etiam
767 1575 813 1605 ap.
841 1567 926 1597 Ovid.
948 1566 1025 1597 Fast.
1045 1567 1099 1606 Vl,
1119 1568 1165 1599 73.
1197 1575 1292 1597 aurea
1315 1566 1476 1607 Capitolia,

358 1605 413 1642 lv.
436 1607 472 1644 1,
491 1607 519 1637 5.
541 1613 636 1635 aurea
655 1605 772 1642 templa,
794 1613 840 1643 ap.
860 1605 970 1635 Auson.
992 1604 1084 1634 Carm.
1108 1604 1130 1635 1.
1152 1613 1247 1635 aurea
1265 1605 1375 1642 Roma,
1405 1614 1453 1644 ap.
1478 1605 1494 1636 t

357 1642 428 1682 vn,
448 1644 633 1676 673.»ατινοα
651 1643 740 1673 iaculi
763 1642 861 1681 cuspis
881 1645 911 1673 et
929 1642 997 1672 alibi
1017 1642 1134 1672 similia,
1173 1642 1265 1680 Heyn.
1293 1643 1418 1673 conferri
1440 1643 1491 1674 iub

360 1681 591 1719 comparationes
625 1684 787 1718 temporum
824 1683 855 1711 et
883 1680 1056 1710 conditionis
1093 1680 1223 1710 locorum
1257 1680 1470 1718 Romanorum,

360 1718 509 1757 Capitolii,
530 1726 577 1756 ap.
597 1718 726 1755 Propert.
741 1717 788 1754 lv,
813 1719 839 1749 1.
861 1720 892 1748 et
909 1717 972 1747 Tib.
992 1717 1030 1752 ll,
1050 1717 1078 1754 3,
1098 1717 1135 1748 23
1148 1725 1192 1756 sq.
1231 1717 1317 1748 Adde
1338 1717 1436 1748 Manil.
1458 1718 1490 1756 V,

357 1756 443 1787 Ovid.
465 1756 543 1787 Fast.
563 1756 587 1795 I,
609 1756 662 1787 197
681 1763 695 1785 s
717 1762 746 1793 q.
766 1755 812 1791 VI,
833 1755 880 1786 73.
901 1755 938 1785 Α.
959 1755 995 1798 ᾼ.
1015 1754 1065 1791 111,
1088 1755 1140 1786 113
1159 1762 1225 1793 sqq.
1248 1755 1321 1786 Plin.
1345 1754 1470 1793 XXXIII,
1489 1758 1494 1786 :

356 1793 388 1832 1,
410 1794 465 1826 160
485 1802 499 1824 s
520 1802 549 1832 q.
588 1793 691 1822 Silium
735 1813 742 1828 ,
763 1793 819 1824 609
842 1800 907 1830 sqq.
936 1792 1019 1823 ahos.
1059 1792 1122 1822 Huc
1149 1794 1235 1823 etiam
1263 1795 1377 1832 spectat
1403 1794 1494 1823 notiss

356 1832 488 1863 Suetonii
501 1802 591 1861 ⁴{ocus
612 1830 712 1874 Octav.
732 1830 798 1866 28„
827 1837 885 1867 quo
903 1829 1051 1867 Augustus
1077 1831 1142 1874 iure
1162 1830 1300 1874 gloriatus
1323 1838 1392 1862 esse
1421 1831 1492 1861 dicit

357 1876 490 1899 mor-eam
512 1876 545 1898 se
566 1868 732 1905 relinquere
753 1867 881 1904 Romam,
903 1875 992 1905 quam
1010 1867 1170 1897 latericiam
1192 1869 1361 1905 accepaesset.
1382 1885 1419 1891 -—
1456 1868 1494 1899 34

356 1913 431 1945 rupe
452 1905 576 1943 Tarpeia
603 1905 712 1949 noxios·
738 1904 870 1935 deiectos
899 1912 967 1936 esse
996 1906 1068 1935 satis
1087 1907 1195 1934 notum.
1213 1922 1252 1927 —
1275 1905 1451 1942 pavidos
1468 1907 1494 1936 t«

354 1944 578 2017 attrita,
595 1942 772 2024 {similist
786 1941 1493 2024 'sitast:223⁵{ua201’0'45535‘13fm{mixtim

355 2020 406 2058 qui
427 2018 507 2049 idem
527 2026 564 2049 ex
583 2017 729 2054 religione
749 2025 773 2047 s.
793 2024 895 2055 specie
923 2021 1045 2062 augusta
1068 2020 1099 2049 et
1122 2018 1263 2054 religiosa
1280 2017 1340 2048 loci
1369 2019 1491 2049 sanctita

354 2056 462 2088 solet.“
484 2056 517 2086 H.
557 2056 602 2087 De
623 2056 838 2086 constructione
866 2063 912 2085 vv,
939 2056 1076 2085 stivam
1101 2062 1316 2093 saxumque
1344 2055 1490 2086 tremet}

355 2094 393 2124 ad
415 2094 475 2130 Ill,
496 2094 561 2125 648.
581 2109 619 2116 ——
656 2093 724 2124 352.
757 2092 847 2127 Quis
873 2093 966 2123 deus
993 2096 1050 2123 etc.
1090 2092 1203 2124 Nomen
1230 2092 1278 2123 dei
1309 2092 1415 2124 afferre
1433 2101 1491 2123 non

353 2132 411 2162 sed
429 2131 502 2162 deus
530 2132 634 2168 aliquis
655 2134 734 2162 certe
756 2133 810 2162 est.
851 2129 895 2160 cf.
917 2131 1033 2160 omnino
1058 2130 1166 2160 adnott.
1188 2129 1225 2159 ad
1245 2129 1307 2160 Eel.
1328 2130 1351 2168 1,
1372 2131 1419 2163 19.
1458 2130 1492 2161 Gi

354 2168 433 2199 hunc
449 2169 545 2199 locum
567 2168 673 2199 Senec.
701 2168 755 2205 Ep.
777 2168 824 2199 41.
862 2167 898 2198 In
923 2175 1096 2206 unoquoque
1119 2167 1261 2198 bonorum
1286 2168 1420 2198 virorum
1455 2167 1494 2205 ,Qu

352 2206 496 2236 incertum
516 2206 568 2243 est,
589 2205 698 2235 habitat
715 2205 820 2235 deus.“
841 2222 874 2228 -
902 2205 1034 2243 psum,
1055 2204 1179 2243 ἐναργῆ,
1200 2205 1256 2235 den
1273 2204 1383 2243 Iupiter
1403 2189 1494 2236 leiblm

352 2244 436 2274 recte
457 2243 557 2279 Wagn.
581 2243 634 2278 Qu.
655 2243 733 2280 virg.
753 2242 851 2281 XVIII,
872 2244 898 2280 3,
920 2243 948 2274 b.
986 2243 1084 2274 Aurea
1113 2243 1189 2274 enim
1217 2245 1313 2274 aetate
1342 2243 1384 2273 dii
1415 2244 1491 2274 inter

352 2280 481 2311 nondum
501 2283 651 2318 corruptos
669 2280 795 2311 libenter
813 2280 1003 2310 versabantur
1025 2283 1055 2311 et
1079 2280 1115 2310 ab
1142 2280 1188 2310 his
1208 2280 1265 2318 ipsi
1296 2288 1366 2310 cons
1387 2280 1494 2311 iciebat

354 2316 458 2349 Catuli.
479 2316 573 2354 LXIV,
593 2317 659 2348 385.
697 2318 782 2355 Prop.
802 2317 853 2355 ΙΙΙ,
875 2318 920 2356 13,
941 2318 987 2349 38.
1027 2318 1110 2348 Voss.
1132 2317 1168 2347 ad
1187 2317 1262 2354 Virg.
1284 2317 1346 2347 Ecl.
1380 2318 1413 2354 V,
1435 2318 1481 2349 15.

352 2358 452 2387 autem
484 2354 541 2386 sibi
567 2354 723 2398 placebant
746 2357 862 2386 veteres
889 2357 918 2385 in
948 2356 998 2385 illa
1030 2356 1186 2393 opinione,
1222 2355 1431 2392 antiquissimis
1465 2358 1494 2386 te

351 2393 488 2425 homines
523 2395 554 2422 ut
575 2395 624 2422 ote
652 2395 823 2422 innocentes
849 2394 879 2423 et
904 2393 1029 2430 probos,
1063 2393 1316 2430 posteriorumque
1352 2393 1494 2424 saeculort

351 2431 480 2462 nondum
515 2430 545 2459 in
558 2433 656 2466 ectus,
693 2429 750 2459 diis
777 2429 865 2459 multo
890 2431 1043 2467 propiores
1076 2429 1187 2468 fuisse,
1220 2438 1306 2467 quam
1334 2433 1450 2468 postea.

352 2468 466 2499 Phileb.
488 2476 516 2506 p.
538 2467 585 2499 16.
604 2466 638 2497 Β.
662 2466 723 2497 Cic.
746 2466 829 2497 Tusc.
851 2467 874 2504 1,
897 2467 940 2504 12,
959 2468 1006 2499 26.
1027 2468 1065 2499 de
1084 2467 1175 2505 Legg.
1199 2468 1237 2504 Il,
1259 2468 1304 2505 11,
1323 2468 1369 2499 27.
1391 2468 1456 2504 (ubi
1474 2474 1493 2497 v

352 2514 383 2543 p.
403 2506 459 2537 237
479 2514 523 2544 sq.
544 2504 608 2542 Cr.)
635 2521 673 2527 —
712 2512 795 2535 cum
820 2511 939 2541 saepe
966 2507 1034 2536 cett.
1082 2505 1145 2535 Hoc
1175 2511 1263 2541 saepe
1280 2509 1339 2535 non
1365 2513 1430 2535 cum
1460 2513 1494 2535 so

354 2545 522 2573 concuteret
541 2542 773 2580 coniungendum
797 2549 865 2572 esse
895 2542 967 2578 (wie
986 2550 1020 2572 er
1039 2543 1086 2572 die
1103 2542 1188 2580 Aeqis
1207 2545 1225 2572 ὁ
1249 2550 1299 2571 ers
1318 2542 1494 2580 εοήᾶαοὶιε),

353 2583 442 2610 totam
462 2581 634 2611 sententiam
674 2581 799 2611 ertinere
819 2579 893 2616 (wie
909 2587 944 2610 er
962 2578 1005 2617 oli*
1023 2580 1069 2610 die
1089 2580 1130 2610 Ae
1149 2581 1176 2609 is
1187 2587 1219 2610 sc
1238 2580 1358 2618 tinette),
1378 2581 1409 2610 in
1426 2587 1494 2617 pror

353 2617 451 2655 Quare
471 2617 573 2656 Wagn.
591 2618 631 2649 ad
649 2589 692 2657 fl,
710 2617 777 2650 723.
798 2618 1002 2651 traiectionem
1022 2617 1098 2649 adeo
1139 2617 1279 2650 articulae
1300 2618 1401 2649 statuit
1420 2624 1492 2656 pro:
