1998 3076
396 319 470 358 168
555 296 563 301 .
825 325 858 359 P.
884 322 1042 358 vitietur
1068 324 1247 360 MARONIS

394 415 509 448 Contra
533 416 638 448 autem
661 424 773 456 magno
797 418 990 448 maerentem
1015 425 1151 459 corpore
1173 417 1276 450 Nilum

394 460 648 503 Pandentemque
673 463 760 495 sinus
785 463 818 494 et
842 463 907 494 tota
931 464 1021 495 veste
1045 466 1213 496 vocantem

394 507 578 540 Caeruleum
603 509 634 540 in
658 509 809 550 gremium
833 507 1059 550 latebrosaque
1083 509 1209 541 flumina
1234 511 1349 542 victos.

391 554 433 586 At
456 553 589 594 Caesar,
613 554 732 596 triplici
756 555 899 586 invectus
923 554 1061 587 Romana
1085 555 1243 596 triumpho

392 599 527 641 Moenia,
553 598 601 632 dis
626 600 711 632 ltalis
734 602 839 632 votum
864 600 1040 632 immortale
1061 601 1222 642 sacrabat,
1621 597 1686 634 715

392 645 528 677 Maxima
552 647 727 679 tercentum
752 648 847 678 totam
872 645 1003 679 delubra
1026 655 1085 689 per
1109 647 1235 680 Urbem.

392 690 526 723 Laetitia
551 691 698 733 ludisque
723 694 794 725 viae
818 691 993 734 plausuque
1025 693 1219 733 fremebant3

393 736 544 770 Omnibus
568 739 599 770 in
623 738 749 780 templis
774 740 904 771 matrum
930 739 1055 779 chorus,
1082 739 1226 772 omnibus
1250 746 1342 779 arae;

391 784 472 816 Ante
498 792 569 816 aras
592 785 708 817 terram
733 785 819 816 caesi
845 786 989 816 stravere
1014 786 1152 818 iuvenci.

392 829 475 871 lpse,
500 828 616 862 sedens
640 831 735 863 niveo
762 829 926 863 candentis
949 830 1056 863 limine
1082 831 1213 872 Phoebi,
1360 860 1372 869 ,
1619 827 1687 863 720

324 992 328 996 ·
391 982 512 1019 dicitur,
547 986 577 1015 et
595 983 766 1015 orientalem
791 982 915 1021 Apuliae
943 985 1053 1021 partem
1075 982 1173 1013 efficit.
1211 982 1306 1021 Iapyx
1328 986 1440 1020 ventuS,
1502 991 1548 1014 em
1570 983 1620 1013 alii
1642 983 1687 1019 (ut

390 1019 494 1057 vegei.
518 1021 577 1051 Mil.
599 1021 645 1058 lV,
665 1021 727 1055 38.)
750 1029 814 1051 cum
833 1021 976 1059 Zephyro,
997 1021 1046 1050 alii
1070 1021 1114 1056 (ut
1136 1020 1268 1051 Favorin.
1293 1029 1339 1059 ap.
1364 1021 1439 1051 Gell.
1461 1021 1471 1050 l
1496 1042 1502 1057 ‚
1525 1021 1589 1054 22.)
1621 1029 1684 1051 cuni

391 1057 485 1087 Gauro
507 1058 693 1093 confundunt,
712 1059 822 1097 quique
844 1058 1002 1096 respondet
1024 1058 1201 1088 Graecorum
1220 1058 1361 1096 Ἀγρίστῃ
1382 1062 1411 1089 et
1428 1062 1526 1088 nostro
1540 1057 1567 1087 Ν
1575 1057 1614 1087 W.
1637 1059 1685 1089 vel

389 1097 486 1132 potius
515 1095 619 1126 WNW.
650 1095 701 1131 (cl'.
730 1096 804 1127 liber
832 1104 914 1126 meus
941 1095 1052 1125 Handb.
1082 1096 1109 1125 d.
1133 1096 1183 1125 alt.
1215 1094 1319 1133 Geoqr.
1340 1096 1361 1125 1.
1393 1103 1420 1134 p.
1442 1096 1507 1127 614.
1537 1099 1568 1125 et
1593 1097 1683 1134 612),

391 1137 630 1164 commemoratur
653 1134 741 1164 etiam
761 1133 879 1164 Horatio
899 1133 953 1164 Od.
974 1134 997 1171 Ι,
1019 1133 1045 1169 3,
1069 1133 1095 1163 4.
1117 1136 1146 1163 et
1165 1133 1224 1169 111,
1244 1133 1296 1168 27,
1315 1133 1363 1164 20.
1403 1133 1520 1162 Lucano
1546 1133 1592 1170 Vl,
1616 1134 1683 1165 339.

390 1170 427 1199 al.
449 1185 486 1193 —
505 1172 558 1202 711
581 1179 645 1209 sqq.
668 1171 837 1208 „Poeticum
858 1171 1028 1209 phantasma
1049 1179 1182 1207 magnum
1203 1174 1232 1201 et
1251 1171 1440 1208 praeclarum.
1480 1170 1560 1208 Fuga
1577 1173 1686 1209 petitur

390 1207 488 1238 Nilus:
517 1209 542 1238 is
563 1207 708 1245 rugientes
730 1210 848 1247 excipit.
888 1209 973 1245 Prop.
994 1207 1050 1242 ΗΓ,
1074 1209 1125 1245 11,
1145 1209 1191 1239 51.
1213 1209 1241 1237 in
1262 1208 1327 1237 loco
1349 1208 1416 1237 hinc
1438 1216 1597 1245 expresso:
1617 1208 1683 1238 Fu-

389 1245 457 1282 qisli
484 1246 579 1275 tamen
607 1246 638 1275 in
665 1246 755 1274 timidi
783 1253 861 1283 vaqa
888 1244 1008 1282 flumina
1028 1244 1093 1275 Nili.
1134 1246 1194 1275 lain
1218 1245 1382 1274 Fluviorum
1410 1246 1566 1275 simulacra
1586 1247 1685 1282 cogita

389 1283 493 1349 31:³53
505 1282 1399 1358 s¹3332⁰322s¹51ttb2¹t¹tt1‘tt{32⁸AE{ignitifftssoettltttim
1420 1285 1685 1350 ’ῗξῑὲεὲὲέῗὲῖῖ

389 1360 496 1387 sortem
513 1358 633 1394 reginae
644 1344 773 1388 suae.⁷—-
797 1359 879 1388 tota
898 1359 1015 1387 veste.
1054 1357 1147 1389 Burin.
1162 1357 1369 1388 consertovid.
1384 1357 1451 1388 Met.
1466 1357 1511 1395 Vl,
1524 1358 1590 1389 298.
1609 1358 1682 1389 Stat.

389 1394 460 1424 Silv.
475 1393 524 1431 ΙΙΙ,
538 1394 566 1431 2,
578 1394 624 1426 32.
638 1397 668 1424 et
679 1395 788 1425 Auson.
800 1395 873 1425 Mos.
889 1395 953 1426 368.
977 1394 1069 1424 Gitan.
1085 1395 1159 1425 male
1173 1397 1249 1425 coni.
1265 1397 1351 1431 torta,
1365 1393 1459 1424 Cerda
1474 1398 1570 1425 autem
1583 1397 1663 1425 mota
1669 1403 1681 1431 ,·

388 1434 470 1462 recte
486 1433 562 1462 enim
580 1432 708 1462 Peeer
736 1433 787 1469 ,-,ln
809 1441 874 1462 voc.
887 1434 947 1461 toea
966 1433 1091 1462 studium
1108 1432 1161 1461 Nili
1180 1435 1315 1469 cernitur,
1334 1432 1466 1462 omnibus
1482 1432 1593 1462 viribus
1615 1434 1681 1469 nisi,

389 1476 512 1506 corpore
530 1472 558 1500 et
575 1471 649 1499 mota
665 1471 747 1500 veste
765 1470 859 1500 victos
876 1470 1035 1499 vocantis.“
1064 1469 1128 1498 Vid.
1143 1469 1302 1499 Brouklius.
1324 1470 1360 1499 ad
1373 1469 1457 1507 Prop.
1471 1469 1510 1499 Ill
1534 1470 1562 1506 9,
1575 1470 1620 1501 51.
1646 1485 1683 1492 -

387 1506 426 1535 in
461 1506 642 1544 qremium
668 1506 952 1545 latebrosaque
979 1504 1147 1545 flumina
1174 1507 1275 1544 Wagn.
1306 1507 1360 1541 Qu.
1389 1506 1467 1543 virg.
1488 1492 1622 1544 xltxul,
1651 1509 1681 1539 4.

388 1546 469 1574 recte
490 1544 707 1581 interpretatur:
737 1545 767 1574 in
789 1545 915 1575 latebras
938 1544 1066 1574 caerulei
1094 1545 1205 1580 gremii.
1246 1543 1287 1574 Cf.
1311 1544 1418 1574 adnott.
1441 1544 1477 1573 ad
1497 1543 1560 1575 Ecl.
1581 1544 1625 1583 11,
1652 1545 1681 1576 8.

390 1580 463 1611 Geo.
484 1580 527 1617 11,
547 1581 611 1612 486.
650 1581 724 1612 Aen.
747 1583 776 1620 1,
806 1583 852 1613 61.
882 1582 917 1611 al.
945 1592 989 1608 -n
1019 1582 1076 1612 714
1096 1589 1159 1619 sqq.
1188 1583 1341 1619 „Denique
1371 1581 1532 1619 triumphus
1554 1581 1682 1619 Augusti

389 1621 451 1650 erat
470 1618 584 1649 effictus
604 1620 633 1648 in
653 1619 759 1656 clipeo.
800 1619 865 1649 Fuit
886 1620 911 1649 is
933 1619 1036 1657 triplex
1058 1619 1138 1648 trinis
1159 1619 1280 1649 diebus:
1310 1619 1505 1655 Dalmatiam,
1531 1619 1682 1657 Actiacos,

387 1656 599 1687 Alexandrinus
620 1656 693 1693 (vid.
715 1657 796 1688 Suet.
818 1657 893 1693 Aug.
914 1657 960 1687 22.
995 1656 1049 1686 Dio
1074 1656 1120 1693 LI,
1140 1656 1220 1692 21.];
1240 1664 1373 1688 ,necesse
1402 1657 1489 1693 igitur
1510 1660 1556 1686 est
1576 1656 1611 1686 ab
1630 1665 1682 1687 ar-

388 1692 467 1724 tifice
489 1701 534 1730 ea,
557 1702 633 1732 quae
655 1695 797 1733 cuiusque
819 1695 877 1725 diei
899 1697 1006 1731 essent,
1028 1695 1057 1724 in
1079 1702 1165 1723 unum
1186 1693 1277 1725 fuisse
1298 1696 1447 1731 congesta.
1488 1694 1681 1732 [Peerlkamp.

389 1730 500 1762 confert
528 1731 662 1761 Orosium
682 1732 737 1768 Vl,
757 1733 804 1763 20.
834 1732 948 1761 Caesar
977 1732 1069 1761 victor
1097 1732 1133 1761 ab
1164 1731 1280 1761 Oriente
1306 1732 1425 1761 rediens
1449 1731 1550 1761 urbem
1579 1732 1685 1769 triplici

388 1769 529 1806 triumpho
541 1769 694 1807 inyressus
707 1770 772 1806 est]
790 1785 826 1792 -
847 1771 973 1799 volum
992 1770 1211 1799 immortale
1230 1769 1438 1799 sacrabat:
1460 1770 1577 1806 templa,
1591 1774 1702 1811 opera¹

386 1807 559 1836 immortalia
606 1807 761 1837 dedicabat
788 1815 823 1837 ex
844 1810 929 1843 voto,
958 1810 988 1838 et
1017 1807 1135 1844 quidem
1163 1814 1267 1843 magno
1295 1815 1431 1843 numero;
1464 1806 1540 1836 unde
1562 1810 1683 1837 trecena

388 1843 469 1873 dixit.
510 1828 587 1886 [vid.
609 1844 644 1875 ad
660 1844 704 1881 IV,
725 1845 804 1881 510.]
845 1845 927 1879 Quae
948 1853 1000 1882 per
1020 1845 1160 1882 reliquam
1183 1844 1410 1887 Augusti-vitam
1433 1843 1506 1873 sacta
1529 1847 1605 1878 sunt,
1626 1852 1681 1876 re-

387 1881 501 1910 vocavit
520 1881 608 1918 poe’ta
626 1881 678 1910 sub
698 1890 784 1911 unum
807 1885 930 1918 teinpus.
971 1881 1014 1911 Cl'.
1035 1882 1116 1912 Suet.
1127 1882 1201 1918 Aug.
1213 1882 1259 1912 29.
1282 1881 1479 1921 Dio.Ll‚22.“
1499 1881 1534 1911 H.
1580 1881 1683 1912 Votum

349 1948 353 1952 ,
387 1918 526 1955 singulari
555 1926 673 1948 numero
702 1918 804 1949 eadem
836 1920 948 1949 ratione
974 1928 1026 1956 per
1053 1920 1265 1957 appositionem
1293 1918 1455 1956 adiungitur
1475 1920 1583 1947 nomini
1606 1921 1679 1957 plur.

388 1957 498 1986 numeri
520 1963 565 1993 ap.
587 1955 699 1985 Livium
720 1955 819 1992 XXIII,
840 1956 886 1994 46,
907 1958 935 1987 5.
956 1956 1054 1993 Spolia
1072 1956 1196 1985 hostimn
1215 1956 1389 1993 Marcellus,
1423 1955 1551 1985 Vulcano
1572 1959 1678 1994 volum,

389 1993 530 2023 cremavit
544 1996 574 2023 et
595 1993 631 2023 al.
673 1992 808 2024 Ceterum
832 1993 939 2030 Burm.,
960 1993 989 2023 h.
1009 1994 1028 2025 l.
1050 1995 1094 2023 sic
1117 1993 1314 2030 distinguens:
1343 2009 1362 2015 -
1381 2009 1400 2015 -
1420 1993 1569 2023 sacrabat.
1610 1995 1680 2024 Ma-

387 2031 471 2060 xima
492 2032 648 2060 tercentum
667 2032 755 2061 totam
776 2031 899 2069 delubra
917 2039 972 2069 per
992 2032 1093 2062 urbem
1112 2031 1254 2067 Laetitia,
1283 2032 1412 2068 ludisque
1432 2031 1499 2060 viae
1515 2032 1681 2069 plausuque

386 2066 556 2105 fremebant,
577 2071 664 2098 totam
686 2069 858 2099 senientiam
878 2070 1026 2107 pervertit.
1047 2084 1083 2090 -
1121 2070 1177 2099 717
1194 2076 1257 2105 sqq.
1286 2068 1408 2103 „vivide
1428 2068 1540 2098 laetitia
1561 2069 1680 2105 publica

389 2105 572 2137 describitur.
592 2122 611 2128 -
632 2121 652 2128 -
672 2106 835 2144 [plausu
875 2107 1086 2136 remebant.
1125 2106 1189 2135 Vid.
1213 2106 1235 2142 1,
1251 2106 1317 2136 559.
1338 2106 1439 2142 ibique
1460 2106 1566 2135 adnott.
1587 2109 1617 2137 et
1640 2107 1677 2137 οἵ.

387 2143 577 2174 imitationem
596 2143 683 2174 huius
706 2144 763 2173 loci
784 2152 839 2182 apu
879 2144 982 2174 Silium
1002 2144 1055 2180 xi,
1078 2144 1134 2174 494
1146 2143 1225 2180 sqq.]
1267 2142 1407 2173 Omnibus
1428 2143 1456 2172 in
1476 2144 1592 2180 templis
1613 2152 1681 2174 rna-

387 2182 531 2209 tronarum
549 2181 774 2218 supplicantium
797 2184 915 2218 coetus,
943 2183 972 2211 et
987 2189 1077 2218 arae,
1100 2184 1166 2210 ante
1190 2188 1262 2218 quas
1282 2181 1417 2210 victimae
1441 2180 1679 2211 immolabantur:

387 2217 465 2248 unde
492 2218 572 2247 strati
600 2218 716 2248 iuvenci
743 2219 885 2256 interra,
913 2222 943 2249 et
963 2222 1108 2248 constrata
1132 2221 1209 2249 terra
1239 2219 1387 2255 iuvencis3
1423 2217 1537 2248 tandem
1566 2218 1683 2249 iuvenci

388 2256 523 2285 stravere
542 2254 683 2285 terram.“
707 2255 743 2285 H.
769 2272 807 2276 —
844 2255 975 2292 Peerlk.,
998 2264 1084 2293 quum
1104 2264 1160 2285 non
1182 2257 1282 2285 mirum
1303 2256 1340 2285 sit
1359 2256 1389 2284 in
1409 2255 1541 2284 omnibus
1562 2257 1680 2293 templis

387 2291 479 2322 fnisse
501 2299 583 2330 aras,
613 2293 700 2321 immo
721 2293 858 2330 ternplum
876 2294 939 2323 sine
961 2301 1009 2323 ara
1031 2301 1088 2323 non
1114 2294 1152 2323 sit
1170 2294 1323 2331 templum,
1353 2293 1428 2321 coni.
1450 2293 1582 2321 omnibus
1602 2302 1680 2324 arae

386 2330 588 2365 Ardentes,
608 2331 721 2359 terram
741 2333 815 2365 etc.;
838 2338 913 2367 quae
936 2331 1060 2367 aliquam
1079 2332 1141 2361 veri
1162 2332 1293 2368 speciem
1314 2329 1470 2364 haberent,
1494 2330 1518 2358 si
1539 2329 1678 2367 Virgilius

387 2375 445 2397 non
466 2367 627 2397 addidisset
648 2367 737 2397 verba
752 2367 825 2397 Ante
844 2375 918 2396 aras
937 2371 1011 2406 etc.;
1032 2368 1106 2398 haec
1128 2369 1203 2398 enim
1224 2375 1311 2405 quum
1331 2366 1489 2402 adiecerit,
1517 2366 1596 2397 idem
1621 2372 1676 2406 est,

321 2413 327 2419 ·
388 2412 423 2435 ac
453 2406 478 2435 si
506 2405 689 2442 scripsisset:
724 2405 855 2434 omnibus
884 2413 978 2441 arae,
1007 2405 1080 2435 Ante
1108 2413 1205 2442 quas
1234 2408 1289 2435 etc.
1320 2420 1356 2425 —
1401 2404 1459 2435 720
1478 2412 1541 2441 sqq.
1577 2405 1677 2441 „Puta

386 2442 622 2480 triumphatorem
650 2441 837 2472 Octavianum
862 2443 920 2471 iam
949 2444 1072 2473 intrasse
1104 2442 1215 2472 urbem.
1255 2441 1347 2471 Sedet
1373 2450 1425 2479 pro
1456 2441 1590 2471 tribunali
1620 2443 1674 2472 sub

386 2481 499 2517 porticu
520 2483 549 2510 et
568 2479 767 2530 aditu'templi
788 2480 932 2523 Apollinis
952 2479 1070 2509 Palatini
1090 2480 1121 2516 [a
1139 2488 1172 2510 se
1194 2481 1259 2517 ipso
1280 2488 1305 2509 a.
1326 2478 1365 2525 U..
1385 2479 1416 2508 C.
1440 2479 1506 2509 726.
1529 2479 1675 2510 dedicati:

370 2515 425 2588 {tri
433 2575 440 2588 ‚
452 2516 642 2591 ῗὶιῖθῐῗεολῗιὲιέ..)
666 2526 698 2586 gt
709 2516 967 2585 zleimisiffiiffisasg.e
974 2516 1109 2591 ιέἐξιῖρῖἓῖ
1125 2516 1673 2591 ‘eff‘ssffflss‘fffiggaffipgj,iffig'ppass'sjgj

385 2591 509 2630 Franeq.
534 2591 626 2629 1719]
647 2596 677 2624 et
694 2595 862 2631 prospectat
881 2591 1095 2630 (recoqnosou)
1126 2592 1334 2623 succedentem
1354 2599 1489 2629 pompam
1509 2592 1673 2629 triumpha-
