1998 3076
370 328 450 368 5⁷0
801 332 1045 367 CATALECTA.
1068 332 1148 367 xiv.
1172 333 1239 368 XV.

463 424 596 458 Doctior
617 432 637 457 o
662 425 734 466 quis
757 426 801 465 te,
826 423 925 465 Musa,
949 424 1050 457 fuisse
1076 426 1209 466 potest?

371 470 400 505 0
424 472 495 513 quis
517 472 551 503 te
574 471 607 503 in
630 471 724 503 terris
747 469 888 511 loquitur
909 469 1077 503 iucundior
1099 472 1189 505 uno?
1581 494 1585 498 -

464 515 531 549 Clio
555 524 627 548 uam
651 517 739 549 certe
762 514 898 549 candida
921 524 984 549 uon
1008 516 1156 558 loquitur.
1612 515 1643 552 1⁰

371 563 476 602 Quare
499 560 576 594 iilud
604 562 683 594 satis
705 563 765 602 est,
789 563 817 594 st
841 563 874 595 te
897 563 1054 603 permittis
1077 564 1194 604 amari3

462 608 544 650 Non,
568 608 679 640 contra
702 609 737 640 ut
759 608 802 640 sit
824 615 912 640 amor
933 609 1058 640 mutuus
1081 607 1155 641 inde
1179 608 1267 642 mihi.

693 669 773 704 xiv.
822 670 869 704 IN
901 670 1098 705 OCTAVH
1128 671 1342 707 MORTEM.

370 728 450 768 Quis
474 726 572 767 neus,
597 725 720 767 Octavi,
745 727 777 760 te
800 725 894 759 nobis
919 725 1074 760 abstulit?
1098 726 1158 768 Au,
1183 736 1266 770 quae

460 772 586 812 Dicunt,
607 781 658 814 an,
682 773 780 805 nimio
803 771 919 814 pocula
942 771 1021 806 dura
1044 772 1159 807 mero?

369 818 468 853 Vobis
491 820 518 852 si
542 817 634 860 culpa
656 820 707 851 est
728 817 819 851 bilis:
844 826 902 851 sua
926 826 1084 861 quemque
1106 820 1281 861 sequuntur

460 865 554 905 Fata3
579 863 664 906 quod
688 864 835 897 immeriti
859 865 978 897 crimen
1002 864 1120 897 habent
1143 864 1274 907 cyathi?

367 910 494 953 Scripta
516 909 644 953 quidem
668 912 721 943 tua
743 918 802 943 uos
826 908 955 943 multum
978 910 1172 952 mirabimur,
1196 912 1230 944 et
1252 912 1285 945 te
1628 908 1646 945 5

459 956 601 999 Raptum,
626 957 659 988 et
680 955 850 988 Romanam
873 956 1019 989 flebimus
1042 956 1218 991 historiam.

366 1001 433 1037 Sed
455 1005 488 1036 tu
512 1001 617 1036 nullus
640 999 714 1036 eris.
759 1001 918 1040 Pei-versi,
943 1001 1052 1044 dicite,
1078 1002 1199 1043 Manes,

456 1047 547 1082 Hunc
568 1056 741 1090 superesse
763 1049 847 1091 patri
871 1056 954 1091 quae
977 1048 1039 1082 suit
1059 1047 1206 1083 invidia?

751 1174 785 1209 Ρ.
808 1119 1262 1210 VIRGIL'IKY‘MARONIS

364 1232 567 1276 Fragmenta
589 1240 634 1265 ea:
657 1230 815 1273 epistola,
841 1239 942 1273 quam
968 1231 1015 1263 ad
1034 1231 1220 1273 Auqualum
1244 1229 1427 1266 Caesarem
1459 1242 1572 1276 super
1586 1218 1642 1267 Ao-

737 1288 745 1306 ·
825 1276 925 1310 aeide
950 1285 1015 1310 sua
1038 1278 1187 1318 scripsit.

362 1343 431 1385 Ego
454 1351 533 1376 vero
543 1342 729 1385 frequentes
753 1349 772 1374 a
793 1342 828 1374 te
852 1339 961 1374 literas
986 1341 1124 1383 accipio.
1171 1340 1215 1374 Ec
1227 1339 1341 1382 infra.-
1365 1340 1416 1374 De
1440 1342 1560 1377 Aenea
1582 1342 1647 1385 qui-

363 1388 436 1423 dem
462 1397 544 1430 meo,
570 1389 610 1429 si,
634 1396 684 1420 me
708 1387 871 1428 Hercules,
895 1384 957 1419 iam
977 1384 1103 1428 dignum
1127 1383 1256 1420 auribus
1270 1386 1422 1421 haberem
1445 1389 1526 1430 tuis,
1550 1388 1647 1422 lihon-

361 1436 412 1469 ter
435 1435 603 1468 mitterem.
652 1431 717 1466 Sed
738 1433 858 1465 tantum
880 1432 1027 1465 inchoata
1049 1441 1103 1465 res
1127 1434 1193 1466 est:
1225 1434 1260 1466 ut
1292 1441 1396 1475 paene
1426 1435 1513 1468 vitio
1544 1435 1647 1468 mentis

360 1480 481 1514 tantum
506 1488 586 1522 opus
617 1480 779 1521 ingressus
810 1478 886 1511 mihi
916 1476 1048 1520 videar3
1079 1486 1150 1512 cum
1180 1480 1387 1522 praesertim,
1419 1481 1456 1513 ut
1480 1482 1567 1524 scis,
1594 1480 1647 1515 nii·

362 1534 491 1569 quoque
513 1524 617 1559 studia
639 1524 681 1560 ad
703 1523 737 1558 id
759 1533 850 1568 opus,
873 1523 1036 1567 multoque
1059 1525 1198 1568 potiora,
1220 1525 1396 1567 impertiar.

433 1667 505 1699 xlv.
526 1666 592 1698 Vid.
612 1665 729 1697 Anthoi.
750 1663 812 1697 Lat.
833 1664 869 1703 11,
889 1665 937 1698 65.
976 1664 1124 1705 Octavius,
1145 1667 1176 1696 in
1195 1666 1279 1697 cuius
1296 1670 1515 1705 praematuram
1535 1671 1645 1700 mortem

357 1706 416 1737 hoc
434 1705 618 1744 Epigramma
637 1704 793 1741 scriptum,
811 1703 890 1734 idem
910 1711 978 1734 esse
999 1704 1115 1735 videtur
1132 1712 1197 1735 cum
1217 1704 1284 1741 iiio,
1310 1704 1358 1734 oui
1378 1704 1475 1736 Culex
1496 1709 1543 1738 est
1566 1706 1645 1737 dedi-

357 1746 449 1781 catus,
469 1751 556 1781 quem
576 1745 672 1772 tamen
691 1747 748 1770 non
769 1742 931 1771 accuratius
952 1742 1092 1771 novimus.
1130 1741 1173 1772 Ex
1192 1741 1249 1772 hoc
1268 1743 1333 1780 ipso
1357 1744 1492 1775 carmine
1507 1743 1643 1779 discimus,

357 1789 425 1813 eum
443 1781 501 1810 iam
519 1780 601 1810 libris
620 1779 736 1816 scriptis
761 1777 868 1807 ciarum
888 1780 917 1808 et
936 1778 1085 1809 historiam
1105 1779 1260 1810 Romanam
1288 1787 1462 1817 aggressum
1491 1782 1535 1815 (v.
1553 1782 1580 1813 5.
1597 1781 1642 1818 6.),

356 1821 439 1857 patre
459 1817 555 1848 adhuc
573 1817 639 1846 vivo
662 1817 704 1851 (v.
727 1815 771 1852 7.)
791 1815 867 1846 inter
878 1816 983 1853 pocula
1003 1816 1043 1852 (v,
1063 1816 1106 1853 2.)
1124 1816 1221 1852 subito
1239 1818 1379 1847 mortuum
1396 1825 1479 1855 esse,
1501 1819 1543 1848 ita
1561 1821 1591 1849 ut
1610 1817 1641 1849 de

356 1862 462 1886 caussa
487 1855 586 1885 mortis
613 1856 694 1884 esset
722 1852 872 1883 dubitatio.
899 1869 935 1876 —
972 1853 1000 1884 2.
1020 1853 1128 1884 dura.
1167 1853 1286 1886 Rectius
1314 1853 1440 1886 sonasse
1469 1856 1551 1893 dira,
1574 1854 1641 1893 quod

355 1892 490 1923 Oudend.
514 1891 649 1922 coniecit.
671 1906 706 1913 —
732 1888 764 1920 V.
784 1891 813 1922 3.
832 1890 910 1920 haud
938 1890 1027 1922 dubie
1055 1894 1216 1929 corruptus.
1255 1891 1331 1922 luter
1350 1893 1448 1922 varias
1469 1893 1640 1924 coniecturas

353 1927 911 2002 ’ἒᾷῖιῗξωξηιρὲἓὲῗιὶἣὲἓὲῗῗοὲῗὶῗηῖῗὲ·
924 1973 934 1994 .
946 1928 1245 1997 amia-”femme
1266 1929 1639 2004 &manifesta

354 2005 381 2035 si
407 2007 487 2042 sunt,
533 2004 564 2034 ui
595 2010 659 2034 eam
686 2004 758 2040 ipsis
777 2004 890 2040 cuipam
917 2003 1051 2034 tribuant.
1074 2019 1111 2027 —
1148 2004 1175 2034 7.
1195 2003 1346 2042 nunus,
1375 2007 1526 2044 mortuns,
1550 1989 1635 2042 ’titan

352 2042 437 2080 Prop.
459 2042 481 2079 1,
508 2012 552 2078 1⁸¹⁷,
580 2041 625 2072 12.
655 2044 683 2070 et
702 2041 774 2071 Ptin.
803 2041 839 2077 11,
861 2040 907 2079 63,
928 2041 975 2072 63.
997 2039 1040 2072 Cf.
1062 2042 1148 2072 etiam
1168 2041 1245 2072 idem
1266 2041 1350 2079 Prop.
1371 2042 1395 2078 Ι,
1415 2043 1444 2080 5,
1464 2042 1516 2074 22.
1536 2045 1566 2074 et
1589 2048 1636 2072 eo—

352 2080 492 2109 micorum
509 2077 581 2109 iilud
602 2078 700 2107 nullus
718 2086 782 2107 sum
802 2078 908 2114 (Plaut.
929 2077 1014 2108 Most.
1035 2077 1070 2115 11,
1091 2079 1114 2116 1,
1134 2079 1180 2110 41.
1201 2078 1289 2109 Mero.
1309 2078 1330 2115 Ι,
1352 2078 1379 2115 2,
1400 2080 1449 2110 52.
1473 2079 1540 2110 Ter.
1559 2078 1633 2110 Andr.

351 2116 411 2153 111,
430 2117 466 2153 4,
486 2116 533 2147 20.
555 2114 668 2145 Phorm.
690 2114 729 2152 V,
751 2117 784 2152 7,
804 2116 852 2146 49.
877 2117 947 2152 etc.)
966 2115 1106 2147 Similiter
1133 2116 1221 2146 etiam
1239 2116 1356 2147 Persius
1376 2116 1419 2156 V,
1444 2117 1510 2150 152.
1530 2117 1598 2148 cinis
1611 2115 1635 2146 d

351 2161 456 2185 manos
472 2154 500 2184 el
515 2151 619 2191 fabula
636 2152 691 2192 fies
716 2154 795 2190 (cum
815 2160 874 2191 quo
894 2152 932 2183 cs.
954 2152 1023 2183 Hor.
1045 2153 1099 2184 Od.
1120 2153 1144 2191 1,
1165 2153 1194 2191 4,
1217 2152 1277 2190 16.)
