1998 3076
402 324 477 363 2514
832 324 960 359 CULEX
982 334 1014 358 v.
1036 321 1106 358 370
1118 342 1159 348 --
1167 320 1246 359 383.

404 419 532 453 Moenia
556 426 635 460 quos
660 415 789 460 rapidos
813 416 951 458 Libycae
976 415 1171 458 Carthaginis
1195 416 1337 450 horrent.
1629 412 1676 448 3¹1⁰

407 465 456 498 llli
481 463 572 498 laude
595 473 651 496 sua
675 465 818 504 vigeant3
843 471 902 504 ego
928 462 1009 495 Ditis
1032 471 1153 505 opaoos

410 511 512 553 Cogor
535 509 621 543 adire
646 509 743 550 lacus,
768 508 882 541 viduos
906 518 924 541 a
951 508 1068 541 lumine
1093 507 1221 549 Phoebi,

409 557 450 590 Et
474 558 594 589 vastum
619 554 842 596 Phlegethonta
865 556 950 597 pati,
982 563 1044 596 quo
1069 556 1204 587 maxima
1227 554 1330 587 Minos

411 603 633 636 conscelerata
660 602 713 643 pia
738 599 889 634 discernit
913 600 1038 633 vincula
1052 599 1140 637 sede.

411 649 496 690 Ergo
521 656 570 680 me
595 656 721 680 oausam
746 648 870 688 mortis,
895 655 945 679 me
969 645 1078 679 dicere
1102 647 1188 678 vitae
1633 640 1678 678 3⁷5

410 694 604 727 Verberibus
628 701 743 725 saevae
767 695 882 733 cogunt
906 692 963 724 sub
992 691 1095 725 iudice
1120 691 1260 724 Poenae:

412 739 488 773 eum
513 740 587 772 mihi
612 741 644 771 tu
668 740 713 771 sis
737 746 850 771 caussa
872 737 956 778 mali,
981 746 1041 771 nee
1065 739 1211 771 conscius
1234 736 1331 771 adsis.

412 786 479 818 Nec
503 783 718 818 tolerabilibus
742 785 827 816 curis
849 784 929 816 haee
952 786 1116 817 immemor
1138 782 1239 823 audis,

412 831 452 864 Et
475 834 579 864 tamen
603 839 703 871 usque
737 831 825 871 vagis
849 828 988 863 dimittes
1010 831 1130 862 somnia
1153 829 1284 862 ventis.‘

413 876 581 919 Digredior
604 884 760 917 nunquam
784 874 960 916 rediturus;
983 878 1017 908 tu
1041 876 1111 908 cole
1135 875 1241 908 fontes
1537 915 1540 918 Ι
1636 867 1681 905 3OE

412 922 452 956 Et
476 921 596 954 virides
618 930 778 954 nemorum
806 921 903 954 silvas
927 923 960 954 et
982 930 1098 963 pascua
1122 921 1234 962 iaetus,

414 968 453 1001 Et
479 977 547 1001 inea
572 966 702 1000 diffusas
726 969 891 1009 rapiuntur
919 966 1003 1001 dieta
1027 976 1085 1009 per
1109 975 1213 1003 auras.

414 1013 522 1055 Dixit,
547 1015 580 1046 et
603 1015 742 1046 extrema
767 1014 867 1046 tristis
891 1021 960 1046 eum
988 1022 1069 1046 voce
1093 1012 1238 1046 reoessit.

414 1174 567 1212 Scipiadas
590 1182 606 1204 a
625 1173 716 1205 verbo
735 1174 863 1204 honores
881 1174 1069 1213 pendentem.
1107 1172 1244 1204 Ceterum
1265 1172 1344 1202 idem
1356 1171 1457 1210 Sillig.
1470 1173 1562 1204 etiain
1580 1174 1608 1203 in
1622 1180 1685 1212 seqq.

416 1213 505 1242 inulta
524 1219 541 1241 a
567 1211 692 1241 librariis
711 1212 824 1242 turbata
843 1216 992 1250 totumque
1019 1212 1115 1241 locum
1135 1219 1152 1241 a
1173 1210 1260 1249 poeta
1278 1212 1322 1239 sic
1349 1211 1494 1247 scriptum
1521 1218 1591 1242 esse
1609 1211 1686 1248 suspi-

417 1253 512 1279 catur:
541 1248 611 1278 lure
631 1248 828 1286 igiturtates,
848 1250 934 1279 sedes
957 1249 1093 1287 pietatis!
1117 1249 1291 1279 honores
1309 1246 1470 1284 Scipiadas
1489 1248 1596 1285 ducas,
1620 1255 1687 1286 qn-

417 1294 498 1316 rum
524 1287 627 1315 devota
655 1286 804 1323 triumphis
831 1286 947 1316 Moenia
974 1286 1189 1324 lauriqeris
1217 1284 1342 1322 Libycae
1370 1283 1565 1324 Carthaginis

416 1328 447 1354 ut
467 1327 609 1354 structura
628 1323 780 1353 verborum
801 1323 877 1354 haec
905 1325 959 1353 sit:
989 1331 1111 1361 quorum
1137 1324 1220 1352 trium
1241 1321 1287 1351 his
1314 1321 1474 1358 laurigeris
1504 1323 1600 1360 (quod
1623 1323 1689 1354 etin

418 1361 493 1397 apud
513 1360 636 1390 Martini.
658 1359 707 1396 111,
730 1360 776 1391 66.
798 1364 829 1391 et
849 1360 951 1390 Claud.
976 1361 1061 1391 cons.
1083 1360 1189 1390 Honor.
1209 1359 1221 1389 1
1238 1359 1259 1396 1,
1281 1359 1325 1390 12.
1346 1359 1478 1396 legatur)
1499 1362 1618 1391 moenia
1634 1359 1690 1390 Gat-

415 1398 542 1435 thaginis
560 1397 634 1433 (tum
657 1398 744 1427 etiam
764 1399 884 1435 stantia)
904 1398 1009 1428 devota
1028 1398 1204 1435 (Scipiadis)
1223 1396 1347 1427 horrent.
1370 1411 1405 1418 —
1435 1397 1490 1428 371
1513 1405 1582 1435 sqq.
1602 1398 1656 1428 la·
1669 1398 1691 1426 in
1726 1426 1730 1438 ἰ

418 1443 455 1465 eo
479 1438 535 1470 est,
553 1436 586 1463 ut
606 1434 713 1471 Culex,
733 1438 886 1472 postquam
906 1443 959 1472 per
980 1435 1111 1465 diversas
1131 1434 1285 1465 interorum
1308 1437 1405 1470 partes
1425 1438 1556 1472 vagatus
1576 1438 1636 1472 est,
1651 1442 1692 1464 οο-
1726 1442 1736 1470 ·..

417 1479 478 1501 ram
506 1471 602 1501 Minoe
630 1470 767 1501 iudicium
794 1472 909 1502 subeat.
947 1472 1087 1509 „scilieet
1115 1479 1237 1509 corpore
1261 1471 1376 1507 sepulto
1404 1476 1437 1501 et
1468 1473 1583 1502 funeris
1603 1472 1693 1502 aanor·
1734 1476 1736 1482 '

418 1509 475 1538 sibi
497 1508 644 1547 persoluto
666 1515 785 1546 sperare
807 1513 928 1546 poterat,
948 1511 983 1539 iri
1004 1517 1038 1540 se
1062 1510 1217 1539 adinissum
1240 1508 1276 1537 ad
1296 1511 1402 1537 certam
1425 1509 1456 1538 in
1474 1509 1584 1540 inseris
1601 1509 1692 1541 sede·-

420 1545 490 1575 Nam
511 1545 546 1574 ad
568 1544 711 1575 humanae
732 1546 849 1576 umbrae
870 1547 1034 1584 exemplum
1055 1546 1130 1576 haec
1150 1545 1317 1575 adumbrata
1338 1546 1436 1575 sunt.“
1458 1545 1494 1576 Η.
1516 1563 1549 1568 -
1571 1547 1636 1579 372.
1653 1545 1693 1575 vi-

420 1584 518 1613 duos
537 1591 557 1611 a
577 1582 719 1612 lumine
731 1583 873 1620 Phoebi,
891 1580 1693 1621 btuoazeasi‘c:ct.Soph.0ed.Cul.314.Ellendt.Lex.l-

419 1621 519 1657 p.767.
531 1619 631 1650 Heius.
644 1620 720 1649 coni.
733 1621 869 1650 viduatos
882 1621 994 1657 lumine,
1010 1621 1090 1658 quod
1111 1628 1181 1650 sane
1192 1620 1311 1650 melius.
1323 1634 1356 1640 -—
1377 1619 1445 1649 373.
1458 1620 1504 1650 De
1515 1621 1695 1659 I'lateyetttom

420 1658 479 1687 vid.
501 1657 536 1687 ad
558 1657 630 1687 Aen.
653 1657 705 1693 Vl,
727 1659 800 1694 551„
822 1658 859 1689 de
878 1659 974 1688 Minoe
993 1658 1063 1687 ibid.
1084 1658 1120 1688 ad
1141 1665 1167 1687 v.
1187 1657 1251 1688 432.
1279 1671 1317 1678 -
1354 1656 1420 1686 374.
1450 1656 1551 1688 Minos
1579 1657 1697 1688 discernit

419 1695 581 1725 vincula
600 1696 899 1731 conscelerata,
932 1696 952 1723 i.
977 1703 1004 1725 e.
1025 1695 1189 1731 Tartarum,
1209 1695 1286 1725 unde
1306 1694 1401 1723 nullus
1421 1695 1557 1733 reditus,
1576 1697 1625 1733 qni
1642 1703 1695 1725 ear-
1734 1711 1736 1720 ι

420 1733 496 1762 ceris
518 1734 607 1761 instar
627 1732 788 1762 sceleratos
808 1733 919 1762 vinctos
941 1736 1020 1762 tenet
1060 1733 1125 1770 pia
1151 1732 1257 1768 sede,
1289 1740 1306 1760 a
1325 1732 1438 1768 piorum
1460 1733 1539 1763 sede
1559 1741 1584 1764 s.
1605 1732 1696 1770 Elysio.

424 1769 543 1798 Vincula
571 1776 623 1806 pro
651 1769 802 1800 moenibus
838 1771 924 1800 etiam
954 1755 1057 1798 catull.
1080 1769 1181 1806 LXlV,
1210 1769 1276 1799 367.
1305 1768 1376 1798 dixit
1403 1767 1512 1803 (Urbis
1540 1770 1697 1800 Dardanica

419 1806 561 1843 Neptunia
580 1806 697 1835 solvere
715 1807 827 1843 vincta)
849 1810 878 1837 et
898 1807 982 1836 limen
1004 1807 1178 1836 sceleratum
1194 1806 1327 1842 Virgilius
1344 1806 1409 1842 ipse
1432 1805 1587 1837 Tartarum
1607 1807 1697 1846 appat-

419 1845 488 1872 lavit
506 1843 578 1873 Aen.
601 1843 647 1877 vt,
667 1843 744 1880 563„
766 1844 815 1873 ubi
834 1845 893 1874 vid.
914 1844 1023 1874 adnott.
1045 1859 1079 1864 -
1109 1844 1174 1874 375.
1196 1843 1302 1872 vitae
1320 1842 1415 1878 Sillig.
1437 1845 1569 1874 restituit
1588 1853 1623 1875 ex
1641 1845 1697 1882 pln-

419 1880 498 1909 iibus
536 1879 628 1909 Codd.
668 1888 721 1917 pro
764 1882 842 1918 vulg.
881 1882 1008 1917 vinctae,
1065 1880 1143 1918 quod
1189 1881 1266 1909 iusto
1284 1896 1288 1900 -
1309 1887 1397 1909 sensu
1443 1881 1627 1912 destitutum.
1670 1896 1697 1902 -

417 1916 484 1947 376.
504 1915 598 1952 Vulgo
620 1925 711 1946 saevo
731 1926 755 1946 a.
778 1918 814 1947 ab
831 1919 933 1948 iudice.
973 1920 1067 1956 Sillig.
1090 1925 1200 1947 saevae
1213 1925 1250 1947 ex
1263 1915 1367 1953 Codd.‚
1386 1916 1441 1946 aab
1463 1922 1566 1949 autem
1587 1927 1622 1949 ex
1635 1919 1698 1958 Sca-

417 1953 503 1989 ligeri
527 1953 642 1983 emend.
663 1955 794 1983 restituit.
837 1955 879 1986 De
899 1955 1013 1993 Poeni-3,
1045 1958 1064 1984 i.
1087 1963 1114 1986 e.
1137 1954 1249 1989 Furiis,
1277 1953 1336 1983 vid.
1357 1962 1447 1991 supra
1473 1955 1511 1986 ad
1542 1965 1572 1986 v.
1591 1957 1651 1987 218.
1669 1970 1698 1976 -

416 1991 482 2020 377.
503 1990 601 2027 sung.
618 1999 669 2028 pro
694 1992 771 2028 vulg.
789 1991 848 2022 Sed
865 1994 992 2023 restituit
1008 1992 1075 2029 Nec,
1097 1992 1175 2030 quod
1193 1991 1334 2026 editores,
1352 1994 1489 2028 putantes
1511 2001 1581 2023 euin
1600 1994 1698 2023 totera-

417 2027 521 2056 bilibus
540 2035 608 2058 esse
628 2029 878 2067 coniungentium,
898 2038 987 2060 sensu
1010 2038 1111 2060 carere
1139 2032 1320 2059 censuerunt.
1359 2027 1418 2058 sed
1440 2033 1525 2060 recte
1547 2031 1606 2060 Vir.
1623 2032 1696 2064 doct„

417 2064 557 2102 Copulain
581 2067 742 2102 negativam
762 2067 859 2103 potius
878 2075 942 2096 cum
962 2067 1111 2096 immemor
1130 2066 1293 2103 coniungit,
1320 2069 1351 2094 ut
1373 2065 1421 2094 hio
1441 2067 1571 2103 prodeat
1589 2075 1696 2098 seusus:

416 2102 527 2138 ‚‚llaec‚
551 2109 626 2139 quae
646 2103 703 2132 iam
725 2103 793 2140 dixi,
826 2107 855 2133 tu
879 2104 963 2133 audis
984 2112 1039 2133 non
1059 2104 1209 2133 inimemor
1224 2104 1295 2138 (tam
1316 2104 1372 2133 mei
1395 2102 1464 2133 [acti
1488 2112 1580 2142 quam
1597 2106 1696 2135 oratio-

415 2139 476 2175 nis}
498 2141 575 2168 curis
595 2140 809 2176 tolerabilibus,
839 2142 858 2170 i.
879 2149 907 2172 e.
929 2149 1016 2172 curae
1042 2143 1109 2171 tuae
1137 2141 1212 2170 adeo
1238 2143 1305 2169 sunt
1330 2140 1501 2171 tolerabiles
1522 2142 1695 2178 [mediocres.

415 2175 581 2211 modic-affl,
612 2179 641 2205 ut
668 2179 696 2206 te
728 2185 783 2206 non
803 2178 991 2215 impediant„
1013 2179 1166 2215 quominus
1193 2178 1251 2207 mei
1279 2178 1475 2208 recorderis.“
1518 2179 1697 2218 Conqueritur

416 2213 549 2241 nimirum
561 2212 661 2247 Culex,
682 2214 770 2243 verba
791 2222 853 2252 sua,
876 2216 951 2251 quae
975 2219 1073 2253 pastor
1093 2215 1238 2244 dormiens
1259 2214 1410 2250 audiverit,
1431 2214 1469 2244 ab
1490 2223 1531 2246 eo
1552 2217 1627 2254 negli
1648 2218 1695 2246 iet

415 2248 566 2285 vilipendi.
606 2248 664 2291 Sed
683 2255 778 2280 autem
799 2250 865 2281 ferri
887 2260 944 2281 non
962 2260 1066 2290 posse,
1088 2259 1125 2283 ex
1144 2259 1181 2281 eo
1203 2251 1377 2281 demonstrat
1396 2252 1504 2290 sillig„
1526 2255 1607 2291 quod
1637 2253 1694 2284 ndi-

416 2288 527 2315 cativus
546 2285 633 2315 audes
652 2287 732 2323 (post
751 2296 814 2316 cum
826 2289 925 2325 adsis)
939 2290 974 2319 ab
986 2289 1043 2319 hoe
1053 2297 1140 2319 versu
1151 2296 1256 2318 novam
1268 2289 1441 2318 sententiam
1454 2291 1524 2320 oriri
1546 2291 1655 2323 doceat.
1664 2302 1691 2311 -·

416 2322 523 2353 v.379.
535 2322 632 2365 vulgo,
650 2324 746 2354 invitis
759 2324 862 2361 Codd.‚
879 2328 924 2355 sio
938 2327 1058 2364 legitur:
1081 2325 1163 2360 Quae
1172 2327 1277 2362 tamen,
1293 2327 1326 2354 ue
1342 2326 1429 2355 vanis
1445 2327 1593 2358 diniittena
1607 2324 1690 2356 ontio

414 2359 516 2389 ventis.
555 2359 648 2402 Sillig.
668 2359 708 2390 Et
725 2363 838 2399 tamen,
859 2364 974 2393 somnia
996 2367 1026 2394 et
1045 2364 1166 2392 dimittes
1184 2370 1220 2393 ex
1239 2361 1331 2392 Codd.
1351 2364 1488 2401 restituit,
1508 2371 1603 2401 usque
1619 2361 1690 2401 vasi!

415 2400 511 2440 autem
541 2396 577 2442 0:
600 2404 627 2427 e.
655 2405 773 2435 semper
798 2401 896 2436 vagis)
925 2408 942 2430 e
963 2401 1039 2430 coni.
1062 2400 1154 2431 edidit
1180 2408 1234 2437 pro
1255 2404 1388 2437 corrupta
1408 2400 1502 2429 Codd.
1523 2400 1649 2431 lectione
1664 2399 1691 2429 st

411 2433 508 2462 vadas.
549 2433 684 2464 ueterum
712 2443 777 2465 cum
796 2437 894 2466 verbis
914 2438 1055 2468 dimittere
1081 2437 1175 2467 ventis
1198 2436 1234 2466 or.
1255 2437 1361 2466 adnott.
1381 2436 1419 2466 ad
1440 2436 1516 2467 Aen.
1539 2437 1570 2474 V,
1590 2438 1650 2470 446.
1665 2438 1688 2466 et

410 2469 458 2505 lx,
478 2470 543 2501 312.
565 2486 601 2491 —
640 2472 706 2502 38t.
733 2480 929 2504 nemorum
949 2475 1090 2505 silvas.
1129 2474 1193 2504 vid.
1214 2473 1314 2504 Heius.
1334 2473 1370 2502 ad
1391 2473 1479 2504 Ovid.
1500 2474 1580 2505 Fast.
1594 2475 1615 2512 1,
1632 2473 1686 2506 512.
1730 2492 1736 2513 -Ι

410 2506 485 2550 coll..
499 2507 596 2538 adnot.
617 2508 654 2538 ad
674 2509 748 2540 Aen.
772 2510 805 2546 X,
824 2511 889 2542 406.
913 2515 944 2542 et
960 2511 1022 2549 xu,
1043 2513 1106 2543 522
1136 2526 1173 2532 —
1212 2511 1277 2542 382.
1315 2511 1533 2547 rapiuntur
1552 2513 1640 2550 Sillig.
1656 2517 1685 2541 α

408 2541 542 2573 omnibus
557 2544 651 2575 Codd.
672 2548 734 2577 suis
750 2549 901 2578 revocavit
919 2557 971 2587 pro
991 2550 1069 2586 vulg.
1089 2549 1253 2585 rapiamur,
1276 2547 1360 2577 simul
1380 2556 1511 2586 monens,
1536 2548 1612 2580 hunc
1627 2556 1683 2579 vet·-
1729 2519 1736 2602 Ι

406 2586 471 2610 sum
493 2579 571 2611 haud
590 2581 679 2613 dubie
701 2587 768 2621 post
786 2592 813 2615 v.
831 2585 895 2617 379.
917 2585 973 2623 (Et
988 2588 1084 2616 tannen
1096 2602 1115 2608 -
1129 2585 1270 2621 boemis)
1293 2585 1498 2616 collocandum
1515 2594 1595 2625 esse,
1613 2591 1682 2625 qua·
1725 2603 1733 2635 ἰ

1721 2629 1736 2735 l

1722 2746 1734 2855 ἐ
