1998 3076
410 306 463 344 64
832 309 868 343 P.
890 309 1050 345 VIRGILII
1073 309 1252 345 MARONis

410 402 519 445 sepsit
541 410 576 435 se
600 402 712 442 tectis,
736 409 904 444 rerumque
928 403 1059 445 reliquit
1081 403 1233 438 habenas.
1626 399 1683 438 600

500 448 568 482 Mos
592 449 660 481 erat
682 447 837 490 Hesperio
861 449 893 481 in
916 448 1023 490 Latio,
1049 458 1143 491 quem
1165 451 1310 492 protinus
1333 449 1431 485 urbes

409 494 551 529 Albanae
575 494 702 528 coluere
727 503 867 535 sacrum,
891 503 975 528 nune
1008 497 1143 529 maxima
1165 505 1269 530 rerum

408 541 505 575 Roma
530 541 621 582 colit,
646 549 716 574 cum
740 541 842 583 prima
864 543 992 575 movent
1015 543 1049 575 in
1072 541 1196 584 proelia
1219 542 1362 585 Martem,

409 587 486 621 Sive
509 586 595 621 Getis
620 586 738 620 inferre
761 596 853 620 manu
876 587 1070 621 lacrimabile
1092 588 1220 630 bellum,

410 634 606 677 Hyrcanisve
630 632 784 667 Arabisve
807 635 929 675 parant,
954 642 1012 667 seu
1035 634 1168 668 tendere
1192 634 1233 669 ad
1255 634 1360 677 Indos,
1627 630 1683 669 (305

409 761 531 829 iiiiii.
549 760 688 840 iiiia&
706 765 903 840 liuiissffl
914 761 1189 839 '3812‘1'2201‘3‘12‘131‘5
1219 759 1685 836 ἕξῧὴὲἒῶᾞῖἓὲἓὶἶῗεῗέἰέἓ

409 843 468 866 non
486 836 567 866 recte
607 837 732 868 omissa,
762 841 787 863 si
816 833 961 864 secundas
989 840 1014 863 is
1040 837 1138 871 partes
1169 839 1269 872 ageret
1294 838 1324 867 et
1350 835 1471 867 alterius
1490 836 1632 874 auspiciis
1646 842 1686 866 ras

431 872 557 904 ereret.“
584 842 621 902 fl.
650 887 684 893 —
716 878 848 915 regum
873 870 1041 916 reliquit
1062 871 1246 902 habenas.
1295 871 1338 902 Cf.
1359 872 1442 903 Ovid.
1464 872 1535 904 Met.
1554 872 1612 911 XV,
1630 873 1685 904 481.

410 881 509 979 {erunt
533 910 611 940 ultro
631 925 649 931 -
682 924 701 930 -
727 908 845 952 petitum
871 916 1019 946 accepisse
1044 907 1173 939 Numam
1190 918 1210 947 p
1269 910 1289 940 li
1306 910 1404 954 Leuni
1428 910 1573 941 habenas.
1611 910 1686 942 Silius

409 945 1452 1029 tumewmfflmqmw
1470 948 1626 1016 emm
1623 947 1687 1015 *a

411 1023 512 1054 henas.
554 1022 615 1052 Cic.
644 1022 682 1053 de
704 1021 751 1051 Or.
772 1020 802 1058 1,
829 1021 875 1052 02.
925 1029 955 1051 ui
971 1021 1096 1058 populus
1120 1030 1183 1059 ipse
1201 1022 1374 1053 moderandi
1394 1025 1422 1053 et
1439 1023 1563 1061 regendi
1581 1023 1627 1054 aui
1639 1030 1690 1062 po-

410 1063 539 1092 testatem
566 1060 652 1098 quasi
677 1058 822 1096 quasdam
847 1058 979 1089 habenas
1005 1059 1132 1089 tradidit.
1172 1060 1341 1104 Eademque
1367 1061 1480 1091 ratione
1500 1060 1561 1090 hoc
1579 1068 1643 1092 voe.
1659 1060 1687 1092 111

410 1096 1043 1171 {31¹¹}”iffl'iieiffmniiiieiil’ii'ssffiiffssk
1058 1097 1369 1171 &effitientiae
1382 1097 1690 1167 {inertem

410 1143 548 1212 templffin
569 1175 732 1208 reseratum
753 1178 840 1237 quem
861 1178 969 1201 morem
990 1172 1120 1214 quamvis
1139 1171 1238 1203 Livius
1258 1173 1281 1209 1,
1303 1173 1346 1216 19.
1368 1180 1386 1203 a
1405 1172 1496 1216 Numa
1515 1172 1634 1204 denium
1647 1174 1688 1203 ll-

410 1211 528 1241 ductum
548 1217 615 1240 esse
637 1212 742 1245 narret,
773 1211 845 1238 icuit
864 1211 958 1238 tamen
974 1212 1082 1245 poetae
1100 1217 1154 1247 per
1169 1209 1418 1240 anachronismum
1438 1212 1528 1240 eliam
1549 1211 1586 1242 ad
1605 1211 1690 1249 priora

410 1252 543 1286 tempora
561 1246 679 1283 reterre,
702 1247 742 1275 ita
761 1249 793 1275 ut
810 1252 847 1276 ne
868 1253 943 1283 opus
962 1245 1079 1282 quidem
1099 1247 1138 1276 sit
1155 1250 1299 1284 statuere,
1320 1248 1470 1285 Virgilium
1490 1254 1528 1278 ex
1549 1248 1615 1279 aliia
1633 1248 1690 1278 ton-

409 1286 489 1316 tibus
502 1285 637 1315 hausisse
650 1286 680 1314 et
691 1283 762 1319 lani,
778 1285 923 1320 tamquam
941 1283 1023 1320 pacis
1040 1282 1170 1320 bellique
1186 1284 1302 1321 indicis,
1318 1285 1492 1323 religionem
1503 1283 1600 1316 Numa
1613 1286 1688 1323 longa

410 1324 603 1361 antiquiorem
622 1323 736 1359 postea,
748 1328 835 1358 quum
846 1320 939 1350 semel
951 1320 1120 1351 invaluisset
1137 1323 1246 1359 opinio,
1266 1322 1342 1352 hunc
1360 1329 1459 1359 regem
1476 1322 1631 1360 religionis
1639 1329 1688 1361 pu-

410 1361 508 1393 blicae
521 1361 669 1390 auctorem
681 1357 782 1394 fuisse,
803 1357 839 1400 ab
851 1357 1003 1387 Annalium
1015 1357 1130 1389 demum
1149 1359 1228 1389 Rom.
1242 1359 1431 1398 scriptoribus
1450 1367 1507 1389 una
1519 1368 1588 1391 cnm
1596 1360 1689 1393 ceteris

410 1399 504 1431 sacris
521 1396 558 1428 ad
575 1404 641 1428 eum
660 1395 778 1426 relatam
793 1394 895 1426 fuisse.
934 1393 1069 1439 Ceterum
1090 1404 1205 1427 causam
1225 1397 1311 1427 liuius
1324 1398 1411 1428 moris
1429 1397 1517 1428 lanus
1536 1399 1548 1428 i
1571 1406 1605 1430 se
1620 1396 1689 1428 affert

411 1434 643 1505 ἒΐῆῗωῗέῑὲὲῖἕ·
660 1433 737 1509 ¹3²3}
750 1432 1023 1501 gentian-..vac
1032 1434 1399 1509 ‘teintirt‘'⁵‘¹‡³tft¹t}
1410 1433 1475 1501 §4³12
1484 1434 1531 1502 ἐξ.
1541 1406 1688 1502 ἕέ“έ“.ἳῖὶ·

411 1513 491 1542 niae.
528 1509 601 1540 Nam
621 1501 696 1538 A‘lba
741 1506 788 1537 XX
807 1507 978 1545 oppidorum
999 1507 1163 1539 Latinorum
1186 1513 1286 1541 mater.
1326 1508 1369 1539 Cl'.
1391 1509 1510 1547 Dionys.
1521 1509 1576 1547 111,
1586 1495 1686 1542 '31.“11.

411 1566 450 1572 -
468 1546 639 1579 maoeima
666 1553 813 1582 rerum,
834 1553 891 1575 non
917 1545 1111 1584 publicarum,
1132 1546 1210 1584 quod
1234 1546 1326 1576 Ruhk.
1347 1547 1478 1585 supplet,
1499 1548 1557 1578 sed
1577 1547 1687 1576 πάντων

411 1586 473 1616 τῶν
492 1585 588 1615 ὄντων
607 1591 632 1614 s.
650 1581 797 1621 μέγιστόν
816 1592 843 1611 τι
862 1583 1001 1621 πρᾶγμα,
1022 1586 1052 1613 ut
1070 1583 1163 1621 Heyn.
1183 1584 1400 1621 interpretatur:
1430 1584 1530 1622 Roma,
1553 1592 1612 1624 qua
1629 1583 1687 1615 nillil

412 1624 516 1655 maius.
554 1622 663 1652 Rerum
692 1621 769 1652 enim
792 1620 828 1650 ad
847 1621 938 1651 solam
956 1621 996 1650 Su
1019 1621 1131 1651 erlativi
1150 1622 1206 1651 vim
1236 1621 1399 1658 augendam
1421 1621 1525 1658 adiici,
1554 1629 1625 1654 vere
1641 1620 1687 1653 atl-

411 1664 492 1693 notat
510 1659 626 1697 Wagn.,
655 1659 732 1688 laud.
751 1657 837 1688 Ovid.
864 1657 955 1695 Epist.
976 1658 988 1688 1
1023 1680 1030 1695 ,
1053 1659 1115 1690 125.
1148 1658 1172 1688 0
1189 1660 1299 1688 utinam
1325 1659 1461 1688 nocitura
1480 1659 1546 1696 tibi,
1562 1660 1688 1698 pulcher*-

411 1699 487 1730 νίτηε
505 1705 613 1733 rerum,
633 1695 668 1726 In
686 1696 781 1726 medio
798 1696 867 1725 nisu
882 1696 999 1726 viscera
1018 1697 1104 1733 rupta
1123 1695 1241 1733 forent!
1278 1695 1320 1726 Cf.
1341 1697 1429 1727 etiam
1449 1696 1560 1728 adnott.
1576 1697 1613 1728 ad
1625 1696 1687 1728 Gon.

411 1736 457 1774 11,
476 1735 542 1767 534.
571 1749 608 1757 -
636 1734 701 1765 603.
728 1735 902 1770 „movent
926 1734 963 1763 in
986 1734 1144 1771 proelia
1170 1734 1331 1764 Martem
1350 1741 1426 1765 nove
1450 1733 1571 1765 dictum.
1609 1734 1688 1772 Vulgo

411 1774 544 1805 movetur
571 1771 692 1807 bellum,
718 1771 820 1806 Mam
856 1774 914 1800 tum
944 1772 1031 1802 etiam
1060 1773 1213 1801 moventur
1238 1778 1339 1808 arnna,
1370 1779 1422 1809 pro
1452 1771 1561 1809 quibus
1580 1771 1690 1802 Martem

413 1812 501 1846 dixit3
532 1812 562 1842 et
589 1810 698 1840 adiecit
722 1809 755 1838 in
780 1809 904 1845 proelia.
952 1808 1036 1843 Quod
1060 1809 1169 1838 indicto
1195 1809 1272 1839 bello
1300 1809 1407 1838 ancilia
1436 1810 1690 1846 commovebantur,

411 1849 539 1880 alienum
560 1847 595 1877 ab
616 1846 644 1876 h.
665 1846 684 1875 l.
713 1845 789 1876 est.“
817 1845 851 1874 H.
877 1861 914 1866 --
944 1853 1023 1875 cum
1048 1847 1172 1883 prima
1192 1862 1210 1868 -
1230 1862 1249 1868 -
1268 1847 1416 1876 movent
1444 1848 1543 1878 autem
1562 1848 1583 1878 i.
1604 1855 1633 1889 q.
1651 1847 1690 1877 si-

411 1887 502 1917 mulat
523 1892 560 1915 ue
581 1887 704 1921 movent,
725 1891 812 1919 quum
833 1883 863 1912 in
883 1890 919 1913 eo
937 1886 1012 1919 sunt,
1032 1886 1062 1913 ut
1082 1883 1300 1920 proficiscantur
1314 1885 1343 1913 in
1361 1884 1479 1914 bellum.
1520 1883 1624 1922 Wagn.
1643 1883 1690 1920 ou.

412 1923 492 1961 Virg.
538 1921 644 1958 XVIII,
666 1921 699 1958 3¹,
721 1921 748 1950 d.
772 1920 836 1957 [qui
856 1921 942 1951 etiam
963 1921 1076 1951 confert
1090 1921 1156 1957 xil,
1179 1922 1257 1958 103.)
1283 1929 1348 1951 cum
1371 1921 1486 1958 primus
1504 1929 1564 1952 non
1584 1921 1690 1952 multum

413 1960 531 1992 differre
554 1961 656 1989 censet.
674 1966 691 1988 a
710 1958 887 1995 priusquam,
907 1960 938 1987 ut
949 1965 1054 1988 sensus
1074 1958 1126 1988 sit:
1151 1959 1316 1997 priusquam
1335 1958 1558 1997 proficiscuntur
1577 1959 1614 1990 ad
1632 1959 1691 1990 bel-

411 1999 483 2030 lum.
504 2013 541 2019 —
578 1996 636 2028 604
655 2003 719 2034 sqq.
747 1994 928 2033 „Splendida
954 1997 999 2025 est
1025 1997 1126 2025 oratio.
1165 1995 1256 2026 Bellis
1281 1997 1357 2027 enim
1378 2003 1441 2026 cum
1464 1998 1605 2028 extremis
1623 1996 1691 2028 orbis

411 2039 551 2067 terrarum
574 2034 689 2072 populis
708 2032 845 2070 gerendis
865 2033 980 2070 imperii
992 2033 1073 2063 Rom.
1088 2033 1233 2077 'maiestas
1251 2034 1402 2100 praeclare
1421 2033 1597 2077 declaratur.
1617 2032 1692 2070 Quod

415 2073 528 2104 Getas
547 2074 658 2110 narrat,
681 2078 737 2102 non
757 2073 802 2102 est
819 2070 997 2108 urgendum3
1018 2071 1108 2100 voluit
1124 2073 1231 2101 tantum
1261 2079 1325 2102 ines
1345 2072 1460 2108 imperii
1479 2071 1517 2101 ad
1540 2072 1692 2103 Danubi-n

414 2109 593 2142 declarare.“
613 2108 648 2139 H.
686 2108 804 2139 Poe'tam
826 2107 872 2137 liis
890 2108 1022 2139 versibus
1044 2108 1176 2146 Augusto
1198 2108 1322 2139 blandiri
1344 2110 1469 2145 eiusque
1490 2109 1615 2146 gloriam
1633 2108 1691 2140 bel-

411 2149 501 2179 licam
528 2146 678 2179 celebrare
697 2146 843 2178 voluisse,
879 2146 907 2174 in
930 2148 1063 2183 promptu
1085 2148 1140 2176 est.
1182 2145 1271 2176 Getas
1290 2147 1378 2184 igitur
1395 2148 1512 2176 omnino
1531 2148 1631 2185 posuit
1647 2152 1691 2184 pru

411 2185 544 2217 barbaris
564 2183 733 2216 Occidentis
753 2182 917 2213 nationibus
936 2182 972 2213 ab
983 2182 1115 2220 Augusto
1136 2184 1276 2220 devictis,
1297 2187 1349 2250 ⁸pro
1370 2183 1475 2221 quibus
1495 2185 1587 2214 etiam
1606 2182 1692 2223 Aqui-

412 2226 498 2254 tanos
518 2229 535 2252 a
553 2221 689 2258 Messala,
711 2220 757 2250 vel
777 2219 934 2250 Cantabros
955 2224 985 2251 et
1005 2222 1126 2251 Astures
1148 2229 1221 2251 anno
1243 2220 1275 2251 U.
1310 2220 1407 2253 1729.
1429 2220 1465 2250 ab
1485 2222 1551 2259 ipso
1571 2222 1692 2261 Augusto

412 2255 568 2298 superatos
588 2265 815 2289 commemorare
842 2260 965 2295 poterat.
1005 2258 1077 2288 Cum
1096 2258 1261 2289 nationibus
1288 2262 1384 2294 autem
1404 2258 1441 2288 ad
1460 2258 1627 2290 Danubium
1645 2258 1693 2289 de·

413 2296 549 2336 gentibus
569 2298 599 2326 et
618 2303 710 2334 saepe
728 2295 940 2326 incurrentibus
959 2296 989 2325 in
1008 2296 1199 2326 Romanorum
1215 2295 1306 2333 lines,
1328 2295 1415 2326 Dacis
1434 2297 1562 2331 maxime
1583 2295 1692 2365 Equitius

415 2335 509 2366 Getae
535 2334 638 2370 vicini)
668 2335 698 2364 et
722 2332 885 2369 Bastarnis,
915 2333 954 2363 M.
984 2333 1105 2363 Crassus
1133 2333 1169 2363 ab
1188 2333 1233 2362 Au
1255 2337 1320 2363 usto
1348 2334 1454 2362 missus
1473 2340 1498 2362 a.
1520 2333 1555 2364 U.
1611 2357 1619 2365 .
1636 2333 1692 2365 ⁸12⁷.

410 2372 522 2405 bellum
542 2373 683 2409 gesserat.
722 2370 833 2400 Maiore
854 2371 942 2400 etiarn
961 2371 1024 2401 iure
1038 2370 1173 2401 Horatius
1192 2371 1221 2400 in
1249 2378 1304 2400 oco
1325 2370 1395 2400 huic
1413 2370 1572 2409 simillimo,
1592 2368 1691 2407 OdJV,

414 2411 452 2442 15
488 2410 552 2447 21„
571 2407 624 2439 sed
646 2407 759 2438 duobus
779 2407 840 2439 iere
859 2408 955 2438 lustris
977 2411 1043 2446 post
1063 2409 1242 2446 conscripto,
1263 2415 1320 2445 quo
1340 2410 1472 2445 ternpore
1491 2409 1550 2439 iam
1570 2408 1692 2440 Tiberius

412 2433 485 2479 ind'e
512 2446 548 2476 ab
572 2453 646 2476 anno
665 2445 728 2476 742.
759 2444 885 2489 feliciter
911 2453 975 2475 cum
1002 2445 1090 2475 Dacis
1119 2445 1242 2489 aliisque
1261 2445 1501 2489 populisviciuis
1523 2445 1691 2481 conflixerat.

417 2484 507 2515 Getas
527 2484 562 2514 ab
578 2485 709 2520 Augusto
728 2483 852 2513 domitos
872 2490 1098 2514 commemorare
1113 2485 1216 2521 potuit.
1228 2498 1264 2504 —
1284 2482 1532 2513 lacrimabile
1551 2483 1690 2522 bellun.

415 2520 461 2552 Cl'.
480 2520 548 2551 Hor.
570 2520 624 2552 Od.
646 2520 657 2550 1
687 2520 733 2557 21,
756 2519 801 2551 13.
833 2520 935 2550 aeuum
957 2520 1151 2550 lacrimosum.
1189 2520 1272 2550 Hom.
1294 2519 1329 2549 il.
1348 2519 1381 2556 V,
1411 2519 1477 2551 737.
1509 2519 1541 2553 ἐς
1565 2520 1691 2560 πόλεμον

415 2557 615 2597 δακρυόεντα.
651 2542 756 2588 Ᾰιιαοτ.
778 2556 877 2595 fragm.
890 2557 936 2589 28.
956 2557 1062 2595 Bergk.
1084 2555 1295 2596 δακρυόεσσαν
1312 2556 1341 2585 τ’
1363 2556 1506 2593 ἐφίλησεν
1525 2557 1690 2597 αἰχμάν.-

414 2596 483 2631 605.
511 2594 556 2627 De
574 2595 766 2634 Hyrcania
796 2594 855 2626 vid.
877 2595 914 2626 ad
932 2594 979 2633 IV,
999 2595 1064 2627 367.
1086 2610 1120 2617 -
1139 2594 1341 2627 Arabisve.
1378 2594 1461 2627 Haec
1480 2594 1606 2629 fortasse
1623 2601 1690 2634 spe·
