1998 3076
393 320 474 360 m
826 323 860 358 Ρ.
884 322 1043 358 VIRGILII
1065 322 1245 358 MARONIS

395 418 425 452 A
449 418 538 460 tergo
561 416 684 460 possit,
709 413 850 449 crustodi
873 416 907 463 et
930 414 1061 449 consule
1084 415 1190 458 longe.

396 464 484 498 Haec
507 473 565 506 ego
590 464 680 496 vasta
704 461 807 504 dabo,
832 463 865 495 et
887 460 952 495 lato
975 463 1008 495 te
1031 461 1131 495 limite
1154 460 1275 495 ducam.

396 509 451 544 Sic
474 510 626 542 memorat
648 516 826 549 vocemque
846 509 977 550 premit3
1000 508 1092 541 simul
1117 516 1195 540 ense
1217 506 1391 549 superbum

396 556 599 590 Rhamnetem
625 553 826 596 aggreditur,
850 555 904 595 qui
928 553 1011 586 forte
1035 554 1196 596 tapetibus
1220 553 1294 587 altis
1621 549 1683 587 325

396 603 584 636 Exstructus
608 602 675 634 toto
699 599 856 643 proflabat
878 603 1010 642 pectore
1034 609 1187 641 somnum,

396 648 465 682 Rex
488 648 572 681 idem
597 649 630 680 et
652 649 719 687 regi
744 645 847 679 Turno
870 647 1067 687 gratissimus
1090 654 1204 687 augum

398 693 463 727 Sed
487 703 551 727 non
574 694 703 735 augurio
727 693 831 734 potuit
853 690 1016 735 depellere
1039 694 1174 734 pestem,

366 745 369 747 “
397 739 468 773 Tris
492 741 580 772 iuxta
603 738 746 779 famulos,
773 740 893 771 temere
915 739 1000 771 inter
1022 737 1085 771 tela
1108 738 1253 780 iacentis,

396 787 658 827 Armigerumque
681 784 770 817 Remi
793 785 909 826 premit
932 784 1154 825 aurigamque,
1178 784 1236 817 sub
1261 785 1341 827 ipsis
1621 779 1686 817 330

396 831 515 866 Nactus
539 834 645 873 equis,
670 830 822 871 ferroque
845 831 934 862 secat
957 827 1128 872 pendentia
1152 829 1244 863 colla.

397 877 475 911 Tum
499 880 593 921 caput
615 877 679 919 ipsi
703 875 808 909 aufert
831 874 975 917 domino,
999 876 1208 917 truncumque
1230 876 1384 918 relinquit

397 923 558 966 Sanguine
582 922 819 965 singultantem
844 923 912 954 atro
935 921 1095 964 tepefacta
1117 930 1232 955 cruore

419 1031 537 1060 raestet.
564 1044 601 1051 —
638 1028 704 1060 322.
732 1028 914 1066 consule,
942 1028 1096 1066 prospice,
1120 1028 1254 1066 provide.
1290 1027 1355 1058 Vid.
1384 1027 1479 1058 Burm.
1501 1028 1538 1058 ad
1558 1028 1620 1058 Val.
1646 1028 1685 1058 Fi.

413 1066 449 1103 11,
469 1066 537 1098 38.“
562 1066 598 1097 Η.
625 1081 661 1087 -
690 1066 815 1110 tonye,
841 1066 872 1094 in
897 1065 996 1102 longin
1018 1073 1103 1104 uum,
1125 1066 1249 1095 weillain.
1289 1065 1334 1097 Cf.
1361 1065 1404 1102 11,
1434 1066 1500 1096 711.
1527 1068 1558 1095 et
1586 1066 1623 1095 al.
1650 1082 1685 1088 —

396 1104 465 1135 323.
485 1106 600 1134 vasta
621 1103 734 1141 dabo,
754 1111 775 1133 1.
797 1111 824 1134 e.
842 1105 924 1132 vasta
943 1073 1015 1146 reda
1049 1139 1055 1145 ⁸

397 1141 468 1172 bent
487 1149 524 1172 ex
543 1142 810 1184 interpretamento.
849 1139 930 1170 Dare
948 1147 1025 1170 emm
1047 1140 1190 1170 interdum
1209 1141 1229 1169 i.
1250 1147 1279 1177 q.
1301 1139 1436 1176 efficere,
1465 1140 1608 1177 reddere,
1629 1142 1686 1170 im-

396 1179 497 1247 primis
517 1178 594 1223 apud
612 1185 755 1244 grumos.
795 1177 927 1243 CRdTgr.
947 1176 1017 1243 Ego.
1039 1176 1091 1244 gl,
1110 1177 1377 1244 2‚¹15}5.24⁸÷›lteritem
1395 1177 1480 1244 dabla.
1521 1178 1637 1244 Phffm'
1650 1177 1685 1245 ὅ,

396 1216 931 1289 ώὲίῖεζξιειῖςφναηιιᾶἒῗέζιΜῖῗ,-ἔ7ἕῖ
952 1222 1273 1281 cub‘eumeffiare'cetts
1294 1222 1440 1282 δῦιὲἷὲξὲιπι
1460 1222 1638 1283 ἕῖθᾍᾱυοῖἲ·
1650 1237 1686 1283 ad

1018 1110 1063 1132 am
1081 1109 1107 1133 a.
1127 1103 1257 1139 vastabo,
1283 1102 1361 1140 quod
1382 1103 1461 1132 multi
1481 1102 1576 1134 Codd.
1597 1111 1685 1141 prae-

337 1301 340 1304 ·
397 1289 422 1327 1,
444 1290 555 1321 471.—
592 1289 656 1321 324.
678 1289 774 1320 Verba
793 1288 855 1318 Sic
873 1290 1064 1318 memorat
1083 1296 1289 1327 vocemque
1304 1290 1446 1326 premit
1466 1297 1534 1327 pro:
1556 1291 1602 1320 sic
1620 1298 1686 1321 me-
1714 1312 1718 1317 .

398 1330 492 1358 morat
511 1335 616 1358 vocem
636 1334 770 1364 premens
791 1327 905 1363 accipio
926 1326 999 1362 (vid.
1022 1325 1057 1355 ad
1079 1325 1141 1355 Eoi.
1163 1326 1217 1364 Vl,
1237 1327 1282 1358 20.
1322 1327 1394 1356 Aen.
1421 1327 1461 1363 V,
1489 1327 1555 1358 611.
1587 1328 1638 1364 al.)
1658 1329 1686 1359 et

397 1373 463 1395 cum
485 1364 596 1402 Heynio
617 1364 655 1394 de
681 1372 756 1394 voce
782 1371 902 1401 pressa,
928 1363 1071 1393 submissa
1101 1365 1215 1401 cogito,
1245 1372 1329 1401 quam
1359 1364 1585 1401 explicationem
1611 1368 1686 1395 totus

397 1402 455 1432 loci
476 1408 624 1433 connexus
642 1400 772 1438 flagitare
791 1401 916 1431 videtur.
954 1400 1057 1438 Wagn.
1080 1409 1181 1430 vocem
1195 1409 1332 1439 premere
1354 1401 1402 1430 hic
1421 1401 1499 1432 idem
1520 1409 1590 1433 esse
1610 1402 1686 1440 quod

396 1441 496 1470 tacere
515 1439 697 1477 suspicatur,
717 1438 783 1468 coll.
804 1438 879 1467 locis
897 1437 951 1474 VI,
980 1439 1043 1470 155.
1072 1443 1100 1469 et
1119 1438 1188 1475 Vll,
1217 1439 1279 1470 103.
1308 1439 1371 1473 (ubi
1397 1438 1456 1467 vid.
1486 1439 1622 1475 adnott.).
1651 1454 1685 1461 —

397 1476 463 1509 325.
485 1475 711 1514 „tapetibus
730 1475 825 1505 altis
846 1478 914 1505 cett.
935 1483 988 1512 pro
1007 1476 1135 1513 vulgari:
1158 1477 1188 1505 in
1207 1476 1352 1513 tapetibus
1371 1476 1429 1506 alte
1449 1478 1605 1506 exstructis
1623 1477 1686 1521 ipse

396 1513 542 1544 Rhamnes
560 1512 729 1544 dormiebat.
767 1513 868 1556 Posuit
896 1516 992 1544 autem
1019 1516 1134 1551 tapetes
1154 1521 1205 1550 pro
1225 1513 1367 1557 pulvinis,
1399 1514 1449 1580 gui
1469 1516 1496 1542 ta
1519 1514 1617 1544 etibus
1637 1522 1685 1544 ιιι-

396 1552 479 1582 strati
499 1550 594 1581 sunt.“
613 1549 648 1580 Η.
688 1549 731 1580 Cf.
752 1549 837 1580 Ovid.
859 1550 928 1580 Met.
951 1550 1033 1589 xlll,
1054 1551 1120 1582 638.
1146 1551 1288 1589 possetque
1314 1550 1401 1587 tapeti
1418 1558 1455 1580 us
1475 1560 1494 1580 a
1507 1551 1543 1580 lis
1561 1551 1686 1581 Munera

400 1596 466 1619 eum
486 1588 593 1627 liquido
615 1587 734 1625 capiunt
752 1586 888 1617 Cerealia
905 1586 1022 1617 Baccho
1033 1596 1044 1624 ;
1065 1588 1136 1618 Stat.
1157 1586 1248 1618 Theb.
1270 1588 1301 1625 Ι,
1323 1588 1387 1619 518.
1415 1589 1547 1625 altosque
1575 1587 1686 1626 inferre

395 1628 511 1663 tapetas
517 1635 528 1662 ,·
557 1629 588 1657 et
607 1625 676 1656 ibid.
698 1625 743 1660 11,
764 1625 810 1656 91.
838 1625 940 1662 inqens
967 1625 1099 1655 Fuderat
1124 1625 1254 1663 Assyriis
1281 1627 1434 1655 exstructa
1461 1626 1606 1662 tapetibus
1629 1626 1701 1656 alto·

394 1664 525 1695 Membra
551 1665 626 1693 toro.
654 1678 688 1685 -
736 1662 802 1694 326.
831 1664 912 1692 toto
937 1660 1147 1700 proflabat
1167 1664 1333 1700 pectore
1359 1670 1537 1693 somnum.
1577 1663 1685 1693 Statius

396 1701 488 1733 Theb.
509 1701 551 1737 11,
577 1702 624 1733 75.
653 1701 730 1730 hunc
756 1700 852 1730 locum
872 1701 915 1737 sic
934 1701 1074 1730 imitatur:
1100 1698 1187 1737 effusi
1210 1700 1322 1736 passim
1339 1708 1394 1737 per
1413 1701 1493 1735 tecta,
1510 1707 1568 1737 per
1588 1709 1685 1739 agros,

395 1739 483 1770 Serta
506 1739 581 1769 inter
602 1746 713 1768 vacuos
751 1746 766 1767 e
784 1745 867 1767 mero
889 1739 1023 1767 crateras
1043 1738 1176 1767 anhelum
1197 1736 1366 1774 Proflabant
1387 1737 1440 1767 sub
1464 1738 1527 1767 luce
1547 1738 1686 1767 deum.-

394 1777 451 1808 327
461 1785 506 1814 sq.
546 1776 589 1806 Cr.
610 1776 693 1806 Hom.
728 1776 747 1805 l.
771 1775 808 1811 11,
827 1775 885 1806 858
904 1783 948 1812 sq.
967 1792 997 1797 -
1037 1775 1101 1806 328.
1125 1775 1300 1813 auyurio.
1322 1775 1420 1805 Schol.
1440 1774 1511 1805 Stat.
1535 1775 1626 1806 Theb.
1649 1775 1685 1813 11,

394 1815 462 1846 302.
485 1817 514 1845 et
531 1813 659 1843 Macrob.
681 1813 741 1842 Sat·
763 1812 799 1847 V,
823 1812 850 1842 9.
875 1812 1023 1850 anquam
1054 1812 1106 1842 sed
1133 1812 1245 1848 Virgilii
1268 1811 1359 1842 Codd.
1382 1820 1482 1842 omnes
1504 1812 1686 1848 Singularem

395 1851 544 1883 exhibent.
563 1867 600 1873 —
638 1850 703 1881 329.
731 1851 893 1885 temere,
926 1853 957 1879 ut
985 1857 1070 1878 casus
1090 1850 1210 1887 tulerat,
1230 1848 1270 1882 ὡς
1288 1849 1397 1887 ἔτυχον
1415 1849 1485 1886 (wie
1507 1850 1595 1879 sicli’s
1615 1850 1686 1881 eben

394 1887 488 1924 tras).
529 1886 573 1917 Cf.
593 1887 662 1917 Hor.
684 1885 738 1918 Od.
760 1886 802 1922 11,
825 1887 857 1916 11
898 1886 943 1917 13.
965 1887 1017 1916 sub
1039 1886 1099 1916 alta
1117 1887 1237 1923 platano
1257 1887 1387 1917 iacentes
1407 1887 1450 1916 sic
1476 1888 1585 1917 temere
1611 1887 1685 1924 (ibi-

395 1928 463 1964 que'
489 1924 593 1959 orell.)
645 1923 707 1954 Liv.
741 1923 833 1959 XXII,
862 1908 916 1959 42,
943 1924 970 1955 6.
1006 1923 1163 1961 Arqentum
1235 1924 1367 1954 ibusdam
1399 1923 1471 1953 loeis
1499 1926 1608 1955 temere
1632 1933 1685 1963 per

392 1964 473 2000 vias,
501 1963 579 1992 velut
604 1961 743 1991 obiectum
769 1961 811 1990 ad
831 1961 989 1998 praedam,
1015 1962 1135 1991 vidisse.
1210 1970 1294 1992 enec.
1320 1962 1376 1999 Hip
1398 1961 1437 1991 ol.
1465 1962 1531 1992 394.
1562 1962 1612 1992 Sic
1639 1965 1683 1993 le-

393 2008 475 2031 mere
492 2001 588 2030 iactae
608 1999 683 2029 colla
699 1996 880 2036 perfundant
897 2006 999 2028 comae
1018 2002 1074 2029 etc.
1096 2015 1133 2020 —
1169 1999 1227 2030 330
1245 2007 1308 2037 sqq.
1350 2021 1368 2036 ‚‚
1395 2007 1499 2034 emum,
1521 2007 1608 2036 quem
1629 2008 1683 2031 ex-

393 2046 497 2076 presse
525 2045 583 2067 non
608 2037 754 2073 nominat,
784 2043 848 2065 cum
878 2036 960 2065 trinis
988 2035 1102 2065 famulis
1128 2037 1251 2074 eiusque
1280 2037 1451 2073 armigerum
1479 2036 1685 2074 (θεράποντα)

395 2079 426 2107 et
445 2077 573 2112 aurigam
594 2073 748 2112 (ἡνίοχον)
760 2073 905 2111 opprimit.
944 2073 1074 2104 Praestat
1093 2077 1189 2104 tamen
1209 2075 1356 2111 corrigere
1378 2073 1502 2109 Remum,
1524 2078 1553 2103 ut
1575 2076 1602 2104 is
1622 2075 1686 2113 ipse

394 2114 432 2143 sit
454 2112 621 2142 Rhamnetis
641 2112 793 2148 armiger.“
813 2109 847 2140 H.
887 2110 918 2140 ln
948 2111 1071 2142 eandem
1100 2113 1215 2142 inanem
1245 2113 1441 2142 coniecturam
1470 2112 1571 2142 incidit
1600 2113 1686 2143 etiam

393 2149 558 2185 Schrader„
578 2150 732 2179 verissime
758 2151 853 2179 autem
874 2148 983 2178 Ruklc..·
1002 2149 1080 2185 „Sed
1100 2157 1158 2178 non
1178 2156 1252 2186 opus
1273 2152 1319 2179 est
1351 2149 1376 2178 si
1398 2148 1516 2178 Remum
1539 2149 1686 2179 dominum

394 2195 462 2218 esse
483 2189 602 2223 statuas,
622 2186 700 2223 quod
720 2194 777 2223 quo
799 2187 892 2215 minus
912 2185 1013 2218 facias,
1034 2186 1105 2215 nihii
1124 2185 1279 2224 impedit.“
1319 2171 1419 2223 Wagn.
1440 2193 1560 2223 quoque
1577 2187 1685 2224 vulga-

392 2228 450 2255 tam
471 2223 616 2259 defendit,
636 2230 721 2260 quam
742 2230 843 2253 omnes
864 2223 955 2253 Codd.
978 2223 1133 2260 exhibent,
1162 2227 1277 2261 praeter
1295 2232 1382 2253 unum
1405 2223 1541 2260 Dorvill„
1567 2224 1610 2258 in:
1629 2232 1686 2262 quo

393 2269 465 2292 sane
485 2261 612 2297 Remum,
635 2260 819 2290 antecedenti
840 2268 903 2290 voc.
923 2260 1105 2298 Armiqerum
1126 2260 1384 2290 accommodatum.
1423 2260 1485 2289 Non
1506 2262 1596 2298 igitur
1616 2265 1686 2298 erat,

394 2307 446 2330 cur
474 2297 606 2333 Peerlk.‚
635 2300 664 2328 et
690 2298 755 2334 ipse
785 2298 869 2327 unius
889 2298 1009 2327 Dorvill.
1031 2299 1187 2329 lectionem
1209 2297 1388 2335 defendens,
1413 2297 1489 2328 baec
1515 2298 1685 2329 adnotaret:

393 2337 560 2376 „Rhamnes
581 2335 622 2364 ita
642 2343 658 2364 a
678 2334 802 2371 samaim,
826 2337 969 2371 armigero
994 2338 1024 2365 et
1043 2336 1143 2372 auriga
1163 2336 1272 2365 cinctus
1296 2335 1386 2365 fuisse
1409 2336 1532 2371 videtur,
1555 2339 1586 2365 ut
1610 2344 1685 2372 eum,

391 2375 448 2405 nisi
470 2375 507 2403 iis
526 2371 665 2408 sublatis,
684 2371 849 2402 interficere
869 2380 926 2402 non
945 2373 1081 2410 potuerit.
1122 2371 1184 2402 Nec
1203 2373 1306 2408 video,
1338 2372 1406 2410 quid
1429 2373 1513 2402 iuoeta
1534 2373 1686 2410 significa-

391 2415 452 2449 ret,
473 2411 499 2441 si
516 2410 553 2440 ad
571 2409 688 2439 Remum
706 2409 873 2440 referretur.
912 2410 1074 2440 Dicendum
1095 2412 1171 2439 erat:
1203 2413 1261 2439 tum
1289 2410 1406 2440 Remum
1437 2411 1540 2447 premit
1570 2414 1599 2441 et
1626 2415 1685 2441 tres

391 2449 513 2479 famulos
533 2449 612 2477 iuxta
632 2445 795 2478 iacentes.“
834 2446 923 2476 Immo
942 2448 1029 2476 iux-la
1047 2446 1084 2476 ad
1105 2448 1308 2477 antecedentia
1328 2451 1455 2485 spectat:
1478 2450 1557 2477 iuxta
1574 2448 1685 2478 itham-

393 2489 491 2516 netem
512 2486 600 2516 etiam
620 2489 679 2516 tres
698 2484 781 2514 Remi
801 2483 923 2514 famulos
944 2489 1010 2522 etc,
1031 2487 1090 2514 tum
1112 2491 1149 2514 ue
1171 2485 1265 2520 ipsum
1288 2484 1434 2514 dominum
1458 2485 1606 2522 (Remum)
1628 2486 1685 2516 ob-

392 2526 516 2553 truncat.
568 2523 662 2554 Verba
682 2523 758 2553 enim
781 2521 849 2551 Tum
871 2523 958 2558 caput
976 2522 1033 2559 ipsi
1050 2529 1090 2551 au
1105 2523 1151 2550 ert
1168 2522 1282 2551 domino
1301 2523 1349 2551 vix
1375 2526 1496 2560 possunt
1516 2523 1552 2552 ad
1575 2523 1684 2553 Rham-

391 2564 490 2602 netem
508 2558 621 2602 referri‚
638 2568 728 2626 ¹quem
747 2560 805 2588 iam
823 2566 857 2588 su
879 2566 910 2588 ra
929 2558 1018 2589 Nisus
1036 2566 1107 2589 ense
1125 2566 1163 2596 aq
1181 2567 1286 2589 ressus
1305 2561 1357 2589 est.
1378 2576 1414 2581 —
1430 2561 1591 2597 premit,
1614 2562 1634 2590 i.
1657 2567 1683 2591 e.

392 2599 538 2636 opprimit,
561 2597 707 2628 intericit.
747 2595 812 2626 vid.
833 2604 850 2626 a
891 2596 938 2633 Π,
957 2596 1024 2628 530.
1044 2612 1081 2619 -
1125 2596 1164 2628 33
1184 2619 1191 2626 .
1218 2596 1438 2636 „sanquine
1464 2597 1685 2636 sinqultan-
