1998 3076
348 315 435 353 '20⁰
786 316 822 351 P.
845 313 1003 350 VIRGILII
1025 315 1204 350 MARONis

355 409 450 445 Nulla
471 409 552 443 meis
576 408 646 442 sine
668 408 702 441 te
727 408 897 449 quaeretur
919 407 1019 449 gloria
1042 407 1159 448 rebus3

357 457 421 490 Seu
445 464 558 498 pacem
581 463 640 488 seu
663 453 749 487 bella
769 463 885 496 geram,
911 454 968 486 tibi
993 455 1127 487 maxima
1151 461 1256 486 rerum

356 502 596 542 verborumque
620 499 709 533 fides.
758 499 874 533 Contra
906 508 999 541 quem
1022 499 1098 533 talia
1122 499 1208 532 satur
1579 493 1642 531 280

357 547 528 590 Euryalus:
553 546 603 579 Me
628 545 712 579 nulia
737 545 806 579 dies
829 547 892 579 tam
917 545 1052 578 fortibus
1077 547 1161 578 ausis

356 593 548 627 Dissimilem
574 593 731 634 arguerit;
756 594 874 625 tantum
901 591 1024 624 fortuna
1055 590 1195 624 secunda

358 639 448 673 Haud
473 638 607 672 adversa
631 636 734 671 cadat.
781 636 845 671 Sed
869 639 901 671 te
925 646 1023 680 super
1045 639 1151 671 omnia
1173 636 1256 670 dona

360 781 411 812 Sic
429 780 538 811 Lucan.
558 779 633 819 Vlll,
656 780 722 812 589.
742 780 787 811 An
807 781 916 810 tantum
941 779 973 809 in
991 776 1097 816 fluctus
1120 780 1225 817 placeo
1246 779 1366 810 comes?
1400 779 1462 810 Val.
1483 778 1582 811 Flacc.
1601 778 1645 818 lv,

361 818 426 850 163.
445 826 500 848 nec
515 820 631 847 vestros
650 826 747 848 comes
774 817 980 855 aspernandus
1004 817 1034 847 in
1064 819 1155 847 aelus.
1176 818 1216 849 id.
1239 818 1267 854 1,
1287 817 1352 849 733.
1379 817 1426 847 Me
1444 825 1560 856 quoque
1599 818 1645 856 αϊ,

359 864 451 886 casus
476 856 623 892 comitem,
655 856 759 893 quic-mi
799 863 816 885 e
838 855 1032 899 propinquat,
1059 855 1200 891 Accipias.
1258 855 1346 898 Silius
1374 854 1414 887 X,
1444 854 1511 886 135.
1545 840 1647 899 dmm

359 901 458 923 comes
474 892 539 923 ibat
554 894 586 922 in
605 894 698 923 acm-⁹.
737 892 761 923 C
775 915 781 920 .
803 894 890 922 etiam
903 892 993 922 Silius
1009 891 1033 928 1,
1048 892 1095 923 76.
1114 891 1153 921 El
1170 900 1204 922 se
1219 894 1387 929 participem
1407 899 1498 921 casus
1517 894 1650 923 soc-aral

358 930 391 961 in
416 937 531 967 omnes,
560 933 629 961 cett.
663 946 701 952 —
737 930 803 961 279.
831 930 912 960 lahn.
941 931 970 959 iu
998 930 1095 967 priore
1116 929 1186 960 edit.
1213 929 1302 961 verba
1329 928 1400 958 Seu
1426 935 1558 966 pacem
1583 937 1648 961 seu

359 967 465 998 bella
482 975 616 1006 qeram
636 975 701 998 cum
721 967 962 998 antecedentibus
981 967 1081 1004 iungit,
1095 966 1244 997 Commate
1264 970 1330 1005 post
1351 966 1440 996 rebus
1460 967 1570 1004 posito.
1591 967 1648 999 sed

359 1013 447 1043 quum
466 1006 620 1043 sequentia
641 1004 734 1036 verba
754 1005 805 1034 tibi
824 1005 957 1034 maxima
984 1011 1116 1033 rerum
1148 1002 1436 1041 Verborumque
1464 1002 1539 1041 fides
1559 1013 1648 1043 aper-

360 1045 420 1072 tum
439 1043 479 1072 sit
493 1042 673 1079 respondere
687 1042 746 1072 illis
763 1050 818 1071 seu
831 1049 951 1079 pacem:
971 1041 1055 1076 bella,
1072 1041 1149 1079 quod
1169 1042 1226 1071 iam
1238 1041 1367 1071 Donatus
1386 1042 1487 1078 sensit,
1504 1045 1536 1071 et
1554 1042 1648 1081 gravis

358 1080 426 1110 loco
444 1080 513 1110 insit
552 1080 683 1116 radiatio,
712 1087 788 1117 quae
817 1080 903 1117 plane
926 1078 1042 1108 tollatur
1060 1078 1158 1108 verbis
1190 1087 1244 1108 seu
1260 1086 1364 1115 pacem
1383 1086 1436 1108 seu
1455 1078 1531 1108 bella
1550 1087 1650 1117 φοι-απ

360 1117 398 1147 ad
426 1087 633 1148 anteceffentia
658 1117 775 1153 relatis,
805 1116 941 1154 equidem
965 1123 1029 1145 cum
1049 1115 1152 1152 Wagn.
1179 1115 1283 1159 Heynii
1317 1116 1458 1160 rationem
1478 1117 1650 1147 servandam

360 1156 472 1190 censui,
491 1154 638 1185 Semicolo
655 1156 769 1189 tamen,
799 1153 878 1190 quod
900 1153 950 1183 ille
972 1156 1038 1190 post
1057 1161 1158 1190 yeram
1183 1155 1299 1191 posuit,
1330 1160 1360 1182 ιιι
1380 1152 1501 1183 Comma
1529 1156 1638 1184 mutato

360 1191 405 1222 Ci.
428 1192 487 1221 loci
506 1199 524 1222 a
544 1191 647 1228 Wagn.
676 1192 773 1220 collati
792 1191 854 1220 Ecl.
877 1190 959 1226 Vlll,
979 1190 998 1221 6
1018 1198 1031 1219 s
1055 1211 1061 1218 .
1090 1190 1129 1228 X,
1150 1191 1188 1221 37
1207 1198 1251 1228 sq.
1291 1189 1364 1220 Geo.
1384 1190 1440 1227 111,
1469 1191 1507 1221 49
1526 1198 1574 1228 sq.
1602 1189 1648 1229 IV,

359 1229 407 1265 25,
429 1229 466 1260 33
487 1237 532 1266 sq.
571 1229 644 1258 Aen.
665 1228 686 1264 1,
708 1229 763 1259 569
783 1236 828 1265 sq.
848 1227 916 1265 V11,
938 1227 1001 1258 199.
1055 1228 1081 1263 l,
1103 1228 1159 1258 443
1179 1235 1224 1265 sq.
1263 1226 1327 1257 Non
1344 1230 1439 1258 tamen
1457 1227 1650 1268 reticendum,

361 1266 449 1295 etiam
467 1264 547 1294 Iahn.
568 1265 598 1294 in
618 1265 709 1295 altera
730 1265 799 1295 edit.
820 1264 878 1295 hoc
896 1265 971 1295 bene
990 1266 1177 1302 perspexisse
1199 1268 1229 1295 et
1247 1272 1293 1295 me
1315 1265 1345 1294 in
1369 1265 1575 1302 distinguendo
1595 1265 1652 1296 boo

359 1302 427 1332 ioco
447 1304 579 1332 secutum
600 1309 678 1332 esse.
700 1319 738 1324 —
767 1302 854 1340 „libi
877 1302 1047 1331 maoeima
1075 1310 1208 1332 rerum
1234 1302 1516 1340 verborumque
1544 1300 1651 1340 fidos

361 1339 424 1376 erit,
447 1338 610 1376 habebitur,
631 1339 718 1369 rebus
740 1342 770 1369 et
788 1339 885 1370 verbis
905 1339 957 1369 tibi
979 1340 1210 1377 committendis3
1239 1339 1267 1369 h.
1291 1348 1317 1370 e.
1340 1343 1435 1370 tecum
1456 1341 1554 1370 omnia
1576 1348 1650 1371 con-

361 1377 427 1406 silia
446 1383 513 1407 mea
533 1378 562 1406 et
581 1376 726 1412 gerendas
746 1384 795 1406 res
815 1377 1044 1407 communicabo.
1085 1377 1224 1412 Quodcun
1248 1385 1285 1408 ue
1313 1380 1409 1407 autem
1435 1377 1482 1408 vel
1506 1385 1574 1408 cum
1592 1377 1651 1410 tide

361 1422 397 1444 ac
419 1413 527 1443 fiducia
545 1413 593 1444 vel
613 1417 733 1451 propter
758 1413 846 1444 iidem
868 1413 989 1444 facimus
1036 1414 1066 1444 id
1096 1422 1182 1446 omne
1202 1413 1224 1451 fi
1243 1422 1276 1444 es
1295 1414 1439 1451 designat.
1478 1414 1543 1444 Vid.
1565 1423 1652 1454 supr·

351 1451 399 1481 ad
418 1459 446 1481 v,
469 1450 535 1482 260.
559 1465 595 1471 —
632 1451 686 1482 281
708 1458 773 1489 sqq.
799 1451 863 1488 Ego
883 1459 953 1481 vero
980 1437 1161 1488 allaborabo,
1190 1456 1221 1481 ut
1238 1451 1307 1481 huic
1329 1450 1393 1481 sorti
1414 1451 1490 1481 facto
1513 1455 1575 1482 tota
1593 1454 1652 1484 vit!

360 1489 400 1519 sit
418 1486 645 1519 consentanea.“
663 1487 698 1517 Η.
718 1503 755 1510 -
791 1490 864 1518 tam
889 1486 1064 1525 fortibus
1093 1490 1204 1519 ausis
1233 1488 1487 1526 Dissimilem,
1517 1493 1587 1529 post
1603 1497 1652 1521 re·

361 1529 420 1556 tam
443 1524 557 1556 fortiter
577 1528 607 1556 et
628 1525 767 1556 audacter
785 1529 884 1562 gestas
904 1526 1034 1556 timidum
1055 1529 1084 1556 et
1105 1526 1248 1563 ignavum.
1275 1543 1311 1549 —
1339 1534 1385 1556 ar
1393 1527 1528 1564 querit.
1570 1526 1652 1564 „Fu-

360 1565 456 1594 turum
475 1566 609 1594 exactum
621 1562 658 1592 ad
671 1563 838 1600 opinionem
849 1563 997 1601 loquentis
1018 1563 1155 1594 refertur:
1177 1571 1232 1592 non
1251 1572 1339 1600 spero
1361 1563 1422 1594 fore
1443 1571 1466 1594 s.
1487 1571 1546 1594 nou
1567 1572 1652 1595 com-

361 1601 483 1637 mittam,
500 1603 531 1630 ut
553 1602 662 1637 arguat.
702 1600 752 1629 Sic
764 1600 825 1636 xil,
837 1600 903 1631 316.
923 1600 985 1639 Eyo
1004 1599 1129 1638 foedera
1148 1599 1224 1638 famo
1243 1600 1342 1630 Fi'rma
1361 1609 1458 1636 manu,
1483 1601 1502 1629 i.
1521 1610 1551 1632 e.
1572 1604 1653 1632 certo

362 1639 435 1675 scio,
455 1645 522 1667 mox
542 1636 678 1667 effectum
699 1637 728 1667 id
748 1645 796 1668 me
817 1638 959 1675 daturum,
980 1639 1057 1676 quod
1080 1638 1265 1668 efficiendum
1285 1639 1412 1675 suscepi.
1451 1637 1518 1668 Vid.
1538 1638 1652 1670 Linde-

362 1683 456 1705 mann.
480 1675 516 1705 ad
536 1675 626 1705 Plaut.
648 1675 729 1713 Capt.
748 1675 794 1711 ΙΙ,
814 1676 849 1712 2,
869 1676 914 1707 64.
935 1675 1029 1707 extr.“
1065 1675 1164 1714 Wayn.
1203 1676 1359 1706 Asseverat
1387 1675 1476 1712 igitur
1500 1675 1653 1714 Euryalus,

362 1720 438 1750 quae
458 1711 521 1742 sore
541 1713 797 1750 persuasissimum
820 1712 924 1750 habet3
950 1717 1035 1751 qua‘m
1055 1715 1113 1743 vim
1134 1714 1234 1743 inesse
1255 1712 1360 1742 Futuro
1383 1715 1486 1743 exacto
1518 1721 1581 1745 rein
1603 1713 1653 1743 i'u-

362 1752 454 1780 turam
474 1751 515 1780 ita
535 1749 719 1786 significanti,
741 1757 776 1780 ac
796 1751 822 1780 si
840 1752 898 1781 iam
918 1751 993 1781 iacta
1013 1753 1107 1788 esset,
1136 1751 1194 1780 iam
1216 1750 1285 1780 alibi
1305 1750 1440 1780 vidimus.
1479 1735 1522 1780 Cf.
1544 1751 1653 1781 adnott.

364 1787 400 1816 ad
420 1786 514 1824 11,77.
536 1790 566 1817 et
582 1786 627 1824 v1,
643 1788 741 1818 88.-
759 1787 926 1824 282.Heyn.
943 1789 1044 1826 (quem
1055 1787 1156 1824 Wagn.
1177 1790 1296 1817 secutus
1316 1789 1374 1823 est)
1397 1787 1475 1817 hunc
1493 1788 1591 1818 locum
1610 1789 1653 1818 sic

364 1825 527 1853 constituit:
548 1840 568 1846 -
586 1839 608 1847 -
625 1824 798 1854 Dissimilem
817 1825 965 1863 arguerim
997 1826 1122 1854 tantum:
1140 1823 1273 1854 Fortuna
1301 1825 1431 1854 secunda
1450 1825 1508 1854 Aut
1524 1825 1655 1856 adversa

365 1861 470 1897 cadal;
492 1860 529 1890 ad
550 1862 659 1891 tantum
678 1861 834 1899 supplens:
863 1861 899 1892 de
919 1869 967 1892 me
986 1862 1119 1898 polliceri
1141 1861 1257 1899 audeo,
1277 1862 1341 1893 scil.
1365 1869 1570 1901 quaecumque
1591 1862 1653 1893 ΐοι-

363 1901 433 1927 tuna
455 1898 527 1932 erit3
547 1905 623 1935 quae
641 1899 715 1928 ratio
736 1897 807 1927 mihi
833 1900 960 1928 omnium
987 1900 1103 1929 minime
1122 1899 1274 1937 probatur,
1303 1908 1391 1938 quum
1418 1901 1462 1929 sic
1483 1901 1652 1931 necessario

364 1934 549 1965 scribendum
571 1934 689 1966 luisset:
717 1932 838 1973 fortuna
858 1936 919 1965 sive
938 1936 1067 1966 secunda
1088 1936 1148 1966 sive
1168 1937 1297 1967 adversa
1321 1938 1417 1967 cadat.
1457 1937 1536 1973 (vid.
1555 1940 1654 1968 tamen

364 1972 402 2009 11,
422 1973 487 2003 690.
512 1974 542 2003 et
561 1971 607 2009 IX,
623 1972 705 2009 636.)
725 1972 815 2002 Immo
834 1974 860 2003 si
881 1972 955 2003 haec
974 1973 1063 2003 lectio
1083 1975 1235 2005 retinenda
1258 1976 1312 2011 sit,
1332 1976 1449 2011 iungam
1469 1976 1566 2012 potius
1585 1975 1653 2004 dis-

365 2010 486 2039 similem
504 2011 628 2046 tantum,
647 2011 668 2040 i.
690 2017 717 2040 e.
736 2013 804 2045 tam,
823 2011 898 2040 adeo
919 2010 1106 2050 dissimilem,
1127 2011 1189 2042 scil.
1212 2013 1243 2040 ut
1261 2011 1314 2041 tibi
1334 2019 1390 2041 non
1410 2012 1525 2048 prober,
1545 2012 1605 2048 vel,
1623 2014 1654 2042 ut

365 2047 503 2083 Wagneri
524 2047 621 2079 verbis
636 2050 699 2078 utar
730 2048 780 2085 qui
801 2048 836 2077 ad
847 2047 921 2077 hanc
940 2049 1080 2079 rationem
1094 2048 1322 2085 amplectendam
1346 2051 1438 2085 magis
1460 2050 1547 2079 etiam
1567 2057 1654 2087 quam

366 2084 404 2114 ad
424 2084 601 2122 Heynianam
621 2088 689 2116 tuen
712 2093 757 2115 am
778 2086 915 2123 proclivis
936 2085 1065 2116 videtur:
1095 2088 1147 2123 „ut
1164 2093 1222 2115 non
1242 2086 1318 2116 omni
1338 2088 1470 2124 tempore
1491 2094 1598 2124 aeque,
1619 2093 1654 2117 ac

365 2129 450 2157 nunc,
470 2123 606 2160 probatus
627 2123 680 2152 tibi
700 2122 788 2153 sim.“
826 2123 884 2153 Sed
906 2131 993 2159 quum
1016 2122 1089 2153 Cod.
1109 2123 1216 2154 Medic.
1237 2123 1334 2153 locum
1353 2124 1398 2154 sic
1418 2123 1574 2154 exhibeat:
1596 2132 1655 2155 ar-

384 2159 462 2188 uerit
485 2161 593 2189 lantum
622 2157 644 2196 f.
673 2168 731 2189 sec.
757 2159 838 2191 Haut
855 2160 983 2190 adversa
1004 2160 1105 2198 cadat,
1134 2164 1165 2191 et
1184 2161 1302 2191 lectioni
1322 2160 1400 2190 Haut
1415 2169 1440 2193 s,
1459 2161 1548 2191 Haud
1566 2162 1655 2192 etiam

397 2197 486 2226 entel.
507 2197 530 2226 Ι.
552 2197 609 2225 duo
637 2196 753 2228 Morett.
773 2200 803 2228 et
822 2197 896 2228 Gud.
918 2205 935 2227 a
957 2206 993 2227 m.
1014 2206 1057 2235 pr.
1079 2206 1144 2236 cum
1163 2198 1265 2229 Servio
1292 2198 1521 2236 patrocinentur,
1551 2198 1655 2229 horum

366 2234 491 2269 vestigia
511 2233 661 2270 sequenda
683 2242 751 2265 esse
773 2243 838 2264 cum
857 2234 958 2264 Iahnio
978 2237 1090 2274 censui,
1111 2239 1143 2265 ut
1161 2236 1238 2267 haec
1258 2236 1296 2265 sit
1314 2237 1476 2266 sententia:
1507 2235 1596 2266 modo
1617 2243 1655 2268 ne

367 2270 490 2306 fortuna,
510 2278 584 2307 quae
604 2277 681 2299 nunc
699 2272 829 2301 secunda
849 2275 903 2308 est,
922 2272 971 2301 liat
990 2272 1129 2311 adversa;
1149 2272 1222 2303 illud
1240 2275 1347 2303 tautum
1372 2276 1449 2310 opto,
1472 2280 1510 2304 ne
1522 2272 1656 2305 fortunae

366 2315 443 2338 nunc
462 2307 609 2337 secundae
630 2309 749 2337 mutatio
769 2309 798 2338 in
819 2309 969 2339 adversam
994 2310 1118 2340 accidat.
1158 2310 1194 2340 Et
1212 2311 1256 2340 sic
1274 2310 1332 2340 iam
1347 2310 1536 2347 Symmachus
1557 2310 1656 2341 locum

367 2345 526 2381 intellexit,
557 2345 606 2381 qui
626 2344 717 2381 Epist.
741 2345 770 2381 1,
790 2346 837 2376 28.
866 2345 942 2376 haec
957 2348 1090 2384 scripsit:
1123 2347 1183 2377 Nec
1201 2355 1335 2386 umquam
1354 2348 1518 2377 dissimilem
1539 2349 1656 2386 scriptis

369 2383 475 2412 talibus
493 2381 554 2426 dies
572 2381 718 2419 aryuerit:
745 2383 855 2426 lantum
872 2381 994 2420 fortuna
1012 2383 1149 2421 munifica
1172 2386 1359 2422 posterorum
1388 2386 1527 2415 secundet
1545 2388 1653 2422 optata.

366 2420 460 2450 Nemo
472 2427 573 2457 emm,
592 2421 678 2457 puto,
706 2419 804 2449 iocum
824 2428 868 2450 Sic
887 2421 1045 2459 intelliget,
1066 2424 1114 2459 ut,
1144 2420 1291 2453 Commate
1331 2425 1377 2452 ost
1397 2423 1526 2452 secunda
1546 2424 1644 2461 posito

366 2456 442 2500 haec
460 2456 516 2486 sibi
537 2460 732 2500 opponantur:
755 2458 864 2501 tantum
879 2456 1010 2501 Forjluna
1031 2459 1160 2489 secunda
1180 2460 1276 2498 cadat,
1295 2431 1382 2490 IPaud
1404 2460 1552 2496 adversm
1575 2445 1655 2499 quod

367 2501 496 2524 ieiunum
520 2501 605 2530 esse,
627 2493 738 2532 Heynio
760 2494 845 2525 facile
866 2495 982 2531 largior.
1020 2495 1133 2527 Peerlk.
1154 2496 1220 2526 loco
1241 2499 1407 2528 coniectura
1427 2499 1655 2529 succurrendum

368 2531 688 2600 &5221JAE‘2”⁵23‘1⁵'¹2¹1
704 2532 780 2602 {3¹2²
794 2532 1076 2602 pazissffss‘ss‘ittt
1095 2535 1567 2610 ir⁹3⁶7b²¹13²⁹²¹sss⁷l²³pf⁰nss¹3
1591 2540 1654 2603 52⁰.-

546 2591 551 2598 Ι
630 2591 637 2597 ⁶
767 2592 773 2600 Ι
1121 2594 1129 2610 ,
1170 2594 1179 2610 ’
1243 2595 1250 2602 ι
1290 2595 1298 2603 ι
1375 2595 1382 2602 ⁸
1428 2593 1434 2600 Ι
1447 2589 1484 2595 -
1564 2596 1571 2603 ι
