1998 3076
352 305 404 343 52
802 306 836 340 1³.
860 305 1020 340 VIRGILII
1042 304 1221 340 MARONIS

352 399 519 434 Nutribant
543 397 766 443 Tyrrhenaque
787 399 891 440 pater,
914 399 967 431 eui
990 398 1079 440 regia
1100 400 1215 441 parent
1574 392 1634 432 485

354 448 504 480 Armenta
527 448 560 479 et
583 446 645 479 late
670 443 813 478 custodia
842 443 964 478 eredita
987 446 1102 487 campi.

354 492 526 526 Adsuetum
551 492 693 534 imperiis
715 499 807 524 soror
831 491 915 524 omui
938 489 1038 524 Silvia
1060 499 1136 524 eura

354 538 501 572 Mollibus
525 539 670 571 intexens
695 536 828 570 ornabat
853 545 972 570 cornua
996 538 1102 579 sertis,

317 623 323 628 ,
354 585 571 626 Peetehatque
590 583 709 624 ferum,
733 591 878 625 puroque
901 584 934 616 in
957 582 1048 616 fonte
1070 581 1206 616 lavabat.

354 631 422 672 Ille,
448 639 571 664 manum
594 630 718 671 patiens
744 637 937 670 mensaeque
961 628 1111 662 adsuetus
1134 628 1239 670 herili,
1576 621 1635 659 490

355 676 489 710 Errabat
513 676 618 717 silvis;
642 683 814 716 rursusque
838 674 879 708 ad
902 675 1008 709 limina
1030 677 1106 709 nota

355 722 430 765 Ipse
455 721 578 756 domum
603 730 676 755 sera
698 722 842 763 quamvis
871 730 908 753 se
928 723 1023 754 nocte
1045 720 1183 755 ferebat.

356 769 447 802 nuno
470 767 582 810 procul
605 769 761 800 errantem
784 766 918 800 rabidae
939 768 1085 801 venantis
1108 766 1165 800 Iuli

356 814 562 848 Commovere
589 822 695 854 canes,
719 812 815 847 fluvio
839 821 909 846 eum
933 812 1018 846 forte
1040 812 1180 846 seeundo

355 861 533 902 Dessueret,
560 861 695 901 ripaque
718 861 825 893 aestus
848 857 1005 893 viridante
1029 859 1161 902 leyaret-
1580 850 1637 889 495

379 1003 409 1033 ui
428 1005 524 1033 tamen
544 1002 574 1033 et
596 1002 662 1041 ipse
682 1010 709 1031 v.
730 1001 795 1033 532.
819 1001 841 1031 Τ
858 1002 921 1032 rrlu'
942 1004 972 1033 et
990 1001 1015 1032 X
1044 1002 1091 1033 28.
1119 1001 1141 1030 T
1158 1001 1277 1031 rrhidae
1299 999 1426 1037 exhibet,
1449 1006 1516 1031 eam
1539 1006 1577 1030 ue
1593 1005 1638 1029 or-
1684 1008 1686 1024 ε

356 1039 804 1114 ἓι“ἐ“ἓ8ὲ”“’νὶῗὲἷ“αὲ“ῗῖἒὲ“ω’
817 1024 1121 1113 νξῖᾞιῗῖξηέοὲἓὶω
1148 1038 1305 1113 We&
1324 1035 1639 1112 {ffllksstrik‘ssnhssf

358 1118 436 1145 stare
463 1117 574 1146 censet,
603 1099 669 1144 colis
694 1113 763 1143 Aur.
782 1113 857 1144 Viet.
887 1112 968 1150 Orig.
990 1113 1024 1144 G.
1046 1113 1078 1144 R.
1100 1113 1163 1151 16.;
1190 1112 1244 1143 sed
1270 1097 1385 1149 plurimi
1405 1111 1455 1141 hie
1475 1119 1535 1142 nou
1553 1112 1639 1142 miuus

360 1160 446 1190 quam
467 1159 496 1182 V.
517 1152 585 1183 508.
607 1154 637 1182 et
655 1151 721 1182 532.
742 1152 771 1180 in
790 1150 882 1182 forma
901 1149 1045 1189 Tyrrhena
1065 1151 1258 1181 consentiunt.
1285 1166 1322 1173 —
1355 1149 1401 1179 ab
1430 1149 1554 1179 ubere
1575 1156 1640 1178 ra-

356 1192 466 1228 ptam.
506 1189 567 1218 vid.
590 1188 635 1225 VI,
656 1188 723 1219 428.
746 1204 784 1211 -
809 1188 875 1220 486.
896 1188 986 1218 late.
1025 1188 1075 1218 sic
1093 1188 1207 1225 plurimi
1229 1187 1321 1218 Codd.
1341 1188 1475 1224 interque
1496 1193 1551 1217 eos
1570 1183 1640 1217 Med.

360 1236 378 1257 a
400 1234 437 1256 m.
461 1233 534 1262 sec„
554 1225 737 1263 Menteliani,
763 1225 853 1255 Palat.
882 1227 912 1256 et
932 1226 1123 1263 antiquissimi
1144 1225 1266 1261 Pariss.;
1291 1223 1369 1255 Med.
1390 1227 1487 1254 tamen
1507 1231 1526 1254 a
1547 1229 1640 1290 anspr-

360 1264 461 1300 sragm.
481 1262 544 1294 Vat.
572 1262 652 1292 Rom.
681 1262 738 1292 duo
767 1263 872 1293 Pariss.
894 1262 959 1299 tali,
987 1262 1065 1300 quod
1093 1262 1173 1293 ialin.
1202 1270 1267 1292 curu
1286 1261 1406 1292 Heinsio
1424 1262 1551 1299 recepit.
1609 1258 1642 1291 ed

361 1301 455 1339 aptior
475 1303 521 1331 est
540 1299 631 1330 altera
650 1299 749 1337 lectio,
771 1300 853 1329 cuius
871 1299 948 1329 hunc
970 1307 1087 1330 sensum
1108 1307 1175 1330 esse
1195 1299 1283 1330 docet
1303 1298 1421 1336 Wamm
1441 1303 1641 1336 „quocumque

361 1342 392 1370 et
421 1344 506 1375 quam
533 1337 592 1368 late
622 1335 741 1373 patebat
759 1344 895 1375 campus,
924 1336 1056 1366 custodia
1084 1337 1148 1367 eius
1173 1337 1215 1366 ilii
1237 1335 1347 1366 credita
1369 1335 1449 1373 est;“
1478 1341 1641 1374 comparans

361 1377 450 1408 etiam
469 1374 542 1405 infra
562 1382 590 1404 v.
614 1374 679 1405 737.
718 1374 784 1403 Alia
802 1374 874 1404 ratio
896 1377 942 1405 est
961 1374 1019 1404 ioci
1040 1373 1120 1411 vni,
1139 1373 1183 1410 8.,
1210 1373 1259 1403 ubi
1281 1373 1339 1403 vid.
1363 1373 1472 1403 aduott.
1499 1389 1537 1396 —
1565 1379 1642 1404 ero-

362 1414 451 1444 dita.
490 1411 615 1443 Verbum
634 1411 859 1446 substantivum,
896 1411 974 1449 quod
1006 1411 1054 1441 hie
1074 1411 1275 1442 desideramus
1303 1409 1354 1446 (er.
1376 1417 1463 1447 supra
1482 1409 1592 1443 aduott.
1610 1408 1641 1439 ad

360 1459 389 1481 v.
409 1450 490 1486 51.),
521 1449 585 1479 soni
607 1455 696 1478 eausa
717 1449 855 1479 omissum
877 1449 1006 1485 videtur,
1037 1456 1124 1486 quum
1147 1448 1265 1478 auribus
1283 1455 1341 1477 non
1361 1446 1517 1477 admodum
1560 1449 1642 1478 rain

362 1490 458 1519 esset:
482 1487 539 1517 lale
557 1486 619 1516 est
637 1485 805 1515 custodia.
847 1485 890 1516 Cf.
911 1485 963 1515 Wa
985 1493 1011 1515 u.
1034 1486 1088 1521 Qu.
1109 1486 1186 1522 virg.
1198 1485 1254 1522 XV,
1276 1486 1304 1516 4.
1327 1488 1357 1515 et
1377 1485 1480 1516 1o.—
1560 1509 1567 1517 .
1585 1484 1642 1515 ad-

362 1525 508 1555 suetum
537 1523 725 1560 imperiis.
765 1522 808 1552 Cf.
830 1522 902 1552 Plin.
922 1522 958 1552 VI
976 1524 1005 1560 i,
1027 1524 1055 1560 1,
1079 1524 1105 1554 1.
1129 1522 1281 1561 Elephanti
1297 1523 1375 1552 ineat
1388 1521 1578 1560 imperior-mn
1594 1520 1643 1552 ob-

361 1561 487 1592 edientia
511 1564 539 1591 et
565 1568 653 1597 supra
672 1560 709 1590 ad
736 1568 764 1591 v.
786 1561 850 1592 240.
872 1560 978 1591 adnott.
1013 1576 1048 1583 —
1068 1568 1188 1590 soror
1237 1560 1300 1591 scil.
1331 1567 1506 1597 puerorum,
1533 1557 1644 1597 Tyrrhi

361 1599 431 1629 iiiia.
452 1615 488 1620 —
526 1598 591 1629 490.
613 1597 706 1629 Tbiel.
728 1605 846 1627 manum
865 1600 1039 1629 contractam
1059 1598 1178 1628 formam
1196 1583 1287 1629 babet
1325 1605 1356 1627 ro
1377 1604 1534 1633 manuum,
1564 1599 1596 1627 ut
1612 1594 1643 1626 vt

361 1637 433 1673 (non
452 1635 497 1672 V),
521 1635 586 1666 653.
610 1636 729 1665 curram
749 1643 800 1673 pro
823 1642 972 1665 curruum.
1008 1635 1071 1666 Sed
1113 1644 1179 1665 uum
1196 1638 1300 1666 antece
1323 1637 1370 1665 ant
1389 1634 1479 1664 verba
1500 1634 1643 1665 pectebat-
1679 1642 1683 1649 ’

362 1681 417 1712 que
435 1670 531 1710 ferum
553 1675 610 1702 etc.
622 1694 630 1708 ,
652 1680 808 1711 possumus
831 1673 918 1703 etiam
938 1680 1063 1709 sumere,
1116 1673 1241 1709 irgiiium
1261 1672 1310 1702 hic
1326 1672 1440 1708 patiens
1458 1679 1516 1701 non
1534 1675 1568 1702 ut
1584 1670 1644 1705 Ad.-

362 1711 501 1743 ieetivum
521 1717 586 1740 cum
607 1709 757 1746 Genitivo‚
786 1709 839 1741 sed
859 1712 891 1740 ut
909 1710 1013 1740 Partioi
1034 1711 1093 1739 ium
1123 1717 1188 1740 eum
1208 1710 1383 1739 Accusativo
1404 1712 1575 1745 construere
1593 1716 1644 1738 vo—

362 1749 465 1785 luisse.
506 1746 549 1777 Cf.
571 1746 699 1777 Lactant.
720 1747 835 1783 Argum.
854 1746 924 1778 Met.
951 1746 1005 1776 Ovi
1028 1768 1035 1775 .
1052 1746 1113 1784 vn,
1135 1747 1180 1778 13.
1200 1747 1336 1777 volucres
1355 1746 1511 1776 indomitas
1531 1755 1570 1777 aa
1588 1746 1645 1776 leo-

361 1785 653 1854 mamam
664 1783 1031 1858 ssifflbfl'imvffifflnffilssl·
1049 1783 1455 1858 3L3533tV’133‘34m‘52222
1466 1782 1645 1859 'ww’

361 1868 419 1891 naa
437 1860 583 1889 hominum
599 1858 704 1888 blande
720 1858 833 1896 perpeti
851 1858 937 1888 solita
958 1844 1111 1894 erant,’et
1132 1845 1265 1888 Ambr'os.
1285 1858 1427 1889 Hexaem.
1446 1843 1480 1894 ἦ,
1504 1859 1550 1889 14.
1570 1857 1646 1888 Atiae

362 1905 436 1928 aves
455 1897 496 1926 ad
512 1903 631 1925 manum
651 1903 683 1925 se
703 1896 856 1925 subiiciunt
873 1897 903 1926 et
919 1903 1039 1925 mensae
1058 1896 1144 1926 herili
1163 1897 1346 1932 assuescunt,
1368 1896 1502 1934 tactuque
1519 1896 1646 1926 muleen-

362 1936 410 1965 tur
435 1933 449 1969 (
471 1941 525 1963 uos
545 1932 643 1962 iaudat
663 1932 794 1969 Peerffl.)
821 1950 859 1955 —-
885 1941 1042 1963 mensae
1070 1934 1259 1963 adsuetas
1283 1933 1415 1963 herici.
1455 1932 1501 1963 Cf.
1522 1933 1585 1963 Val.
1607 1931 1646 1962 1³1.

361 1972 422 2009 vll,
445 1972 457 2002 1
481 1971 507 2000 4.
527 1969 574 1999 Sic
592 1971 730 2000 assuetae
751 1970 823 1999 toris
843 1971 873 1999 et
888 1978 1009 1999 mensae
1028 1970 1121 2000 dulcis
1150 1971 1235 2000 herili
1254 1970 1352 2000 Canis.
1384 1986 1422 1993 —
1459 1970 1526 2002 492.
1551 1970 1646 2008 ipso,

361 2017 415 2040 sua
434 2011 548 2045 sponte,
570 2010 601 2038 ut
619 2007 696 2045 apud
717 2007 846 2038 Graecos
866 2006 957 2039 αὐτός
974 2015 1026 2045 pro
1047 2006 1235 2045 αὐτομάτως.
1274 2007 1340 2038 vid.
1361 2007 1397 2038 ad
1417 2007 1480 2037 Ecl.
1494 2007 1541 2044 lv,
1555 2008 1647 2039 21.-

360 2047 425 2079 493.
460 2044 627 2075 rabidae
653 2052 784 2074 canes.
823 2044 854 2074 Si
883 2044 919 2075 de
948 2044 1068 2074 canibus
1088 2046 1231 2076 venaticis
1249 2053 1346 2076 sermo
1367 2048 1421 2082 est,
1444 2045 1567 2075 Romani
1585 2052 1647 2075 voe.

362 2084 445 2115 canis
472 2082 534 2113 fere
562 2090 681 2120 semper
700 2082 796 2112 femin.
821 2089 931 2118 genere
951 2085 1082 2112 utuntur!
1115 2082 1180 2113 Vid.
1207 2082 1291 2113 Lucr.
1313 2082 1336 2120 1,
1358 2083 1424 2114 400.
1463 2082 1533 2113 Hor.
1555 2082 1648 2149 Bw·

361 2122 399 2157 11,
420 2121 466 2152 31.
489 2122 544 2151 eto.
573 2122 603 2151 et
630 2118 666 2149 cs.
688 2118 797 2149 adnott.
820 2119 857 2149 ad
877 2118 952 2150 Geo.
973 2119 1003 2156 l,
1023 2120 1087 2150 470.
1116 2119 1180 2156 (ubi
1205 2120 1281 2150 adde
1303 2119 1381 2150 Cort.
1403 2118 1440 2150 ad
1458 2119 1569 2149 Lucan.
1612 2118 1650 2157 11,

360 2159 442 2194 828.)
467 2173 505 2179 —
541 2157 608 2188 494.
638 2156 904 2200 flammavere,
934 2158 1100 2199 excitavere
1126 2161 1156 2188 et
1174 2160 1348 2194 persecutae
1370 2160 1446 2187 sunt.
1486 2156 1562 2192 (Sed
1582 2157 1650 2188 vide

360 2195 461 2232 infra.)
479 2210 518 2216 —
541 2192 669 2230 fluvto
696 2194 876 2224 secundo.
913 2194 978 2224 Vid.
1000 2193 1036 2224 ad
1058 2195 1130 2226 Geo.
1152 2194 1211 2231 111,
1233 2195 1297 2225 447.
1320 2210 1357 2216 —-
1395 2194 1459 2226 495.
1487 2193 1650 2231 Deflua-

361 2233 428 2268 ret,
450 2233 549 2261 natans
570 2230 739 2262 deferretur.
777 2231 872 2261 Minus
893 2234 974 2262 recte
1002 2234 1098 2263 autem
1117 2232 1216 2269 Heyn.
1246 2229 1387 2269 deflueret
1403 2239 1456 2269 pro
1476 2229 1652 2269 defluxisset

382 2270 486 2299 ositum
507 2272 624 2305 censet;
655 2269 742 2298 immo
762 2276 852 2299 canes
873 2269 930 2298 iam
953 2276 990 2299 eo
1009 2270 1141 2307 tempore
1162 2277 1277 2300 cervum
1297 2268 1563 2307 persequebantur,
1592 2277 1650 2311 quo

361 2307 413 2350 ille
425 2304 579 2336 defluebat.
619 2305 726 2349 Negat-i
739 2309 834 2336 tamen
854 2306 964 2349 nequit,
984 2306 1109 2349 aliquam
1123 2305 1320 2337 difficultatem
1340 2307 1405 2336 loco
1424 2307 1535 2336 inesse.
1576 2306 1651 2337 Nam

361 2352 387 2374 ει
410 2351 497 2374 canes
518 2350 634 2375 cervum
654 2351 710 2372 iam
728 2345 874 2373 natantem
887 2343 1043 2374 influmine
1056 2344 1312 2381 persequebantur,
1333 2344 1446 2381 isque
1468 2343 1541 2373 hoc
1564 2352 1652 2375 sen-

361 2382 390 2411 ti
400 2389 417 2411 e
427 2380 490 2411 bat
513 2380 735 2416 (commovere),
747 2388 803 2410 non
816 2383 930 2418 poterat
949 2389 993 2418 po
1003 2383 1063 2411 ste
1073 2389 1090 2411 a
1110 2382 1221 2411 otiosus
1233 2381 1262 2410 in
1274 2382 1336 2418 ripa
1350 2380 1545 2417 decumber03
1571 2389 1650 2419 quo-

361 2420 456 2448 minus
476 2421 572 2448 autem
594 2417 729 2455 hysteron
749 2420 884 2455 proteron
905 2420 1065 2449 statuentes
1087 2425 1246 2454 sumamus,
1268 2426 1335 2449 eum
1356 2418 1436 2455 prius
1456 2419 1486 2447 in
1506 2419 1572 2456 ripa
1591 2419 1651 2451 de-

361 2455 498 2486 cubuisse
520 2458 557 2491 ct,
578 2463 665 2492 quum
684 2462 717 2485 se
739 2456 860 2493 petitum
881 2456 1010 2492 sentiret,
1029 2456 1060 2486 iu
1079 2455 1197 2486 fluvium
1219 2454 1394 2492 confugisse,
1415 2455 1472 2485 hoe
1489 2457 1579 2487 totius
1592 2456 1652 2487 ioei

360 2492 677 2561 &Pc'ssiissffovissssflfflffi
691 2491 1652 2563 3¹⁶1assisii-'tiiffi?⁰551v8i21303¹2³lu23¹222¹ffi’0333

360 2570 528 2600 statuamus.
615 2576 678 2606 aqu.
707 2566 784 2598 buno
809 2576 927 2601 sensum
953 2575 1020 2600 esse
1046 2569 1143 2606 putat:
1184 2567 1325 2607 „Aestum
1348 2575 1450 2600 cervus
1475 2567 1542 2600 leva
1564 2571 1605 2601 at'
1621 2572 1654 2603 et
